@article{C_Silva_2020,
	doi = {10.1038/s41598-019-56950-6},
	url = {https://doi.org/10.1038%2Fs41598-019-56950-6},
	year = 2020,
	month = {jan},
	publisher = {Springer Science and Business Media {LLC}},
	volume = {10},
	number = {1},
	author = {M{\'{o}}nica C. Silva and Marcus Chibucos and James B. Munro and Sean Daugherty and M. Manuela Coelho and Joana C. Silva},
	title = {Signature of adaptive evolution in olfactory receptor genes in Cory's Shearwater supports molecular basis for smell in procellariiform seabirds},
	journal = {Scientific Reports}
}
@article{Bentamy_2011,
	doi = {10.1080/01431161.2011.600348},
	url = {https://doi.org/10.1080%2F01431161.2011.600348},
	year = 2011,
	month = {sep},
	publisher = {Informa {UK} Limited},
	volume = {33},
	number = {6},
	pages = {1729--1754},
	author = {Abderrahim Bentamy and Denis Croize Fillon},
	title = {Gridded surface wind fields from Metop/{ASCAT} measurements},
	journal = {International Journal of Remote Sensing}
}
@article{Goto_2017,
	doi = {10.1126/sciadv.1700097},
	url = {https://doi.org/10.1126%2Fsciadv.1700097},
	year = 2017,
	month = {sep},
	publisher = {American Association for the Advancement of Science ({AAAS})},
	volume = {3},
	number = {9},
	author = {Yusuke Goto and Ken Yoda and Katsufumi Sato},
	title = {Asymmetry hidden in birds' tracks reveals wind, heading, and orientation ability over the ocean},
	journal = {Science Advances}
}
@article{Yonehara_2016,
	doi = {10.1073/pnas.1523853113},
	url = {https://doi.org/10.1073%2Fpnas.1523853113},
	year = 2016,
	month = {jul},
	publisher = {Proceedings of the National Academy of Sciences},
	volume = {113},
	number = {32},
	pages = {9039--9044},
	author = {Yoshinari Yonehara and Yusuke Goto and Ken Yoda and Yutaka Watanuki and Lindsay C. Young and Henri Weimerskirch and Charles-Andr{\'{e}} Bost and Katsufumi Sato},
	title = {Flight paths of seabirds soaring over the ocean surface enable measurement of fine-scale wind speed and direction},
	journal = {Proceedings of the National Academy of Sciences}
}
@article{Garrod_2021,
	doi = {10.1371/journal.pone.0254454},
	url = {https://doi.org/10.1371%2Fjournal.pone.0254454},
	year = 2021,
	month = {jul},
	publisher = {Public Library of Science ({PLoS})},
	volume = {16},
	number = {7},
	pages = {e0254454},
	author = {Aran Garrod and Sei Yamamoto and Kentaro Q. Sakamoto and Katsufumi Sato},
	editor = {Vitor Hugo Rodrigues Paiva},
	title = {Video and acceleration records of streaked shearwaters allows detection of two foraging behaviours associated with large marine predators},
	journal = {{PLOS} {ONE}}
}
@article{Nevitt_1999,
	doi = {10.3354/meps177235},
	url = {https://doi.org/10.3354%2Fmeps177235},
	year = 1999,
	publisher = {Inter-Research Science Center},
	volume = {177},
	pages = {235--241},
	author = {G Nevitt},
	title = {Olfactory foraging in Antarctic seabirds:a species-specific attraction to krill odors},
	journal = {Marine Ecology Progress Series}
}
@article{Nevitt_2004,
	doi = {10.1242/jeb.01198},
	url = {https://doi.org/10.1242%2Fjeb.01198},
	year = 2004,
	month = {sep},
	publisher = {The Company of Biologists},
	volume = {207},
	number = {20},
	pages = {3537--3544},
	author = {Gabrielle Nevitt and Keith Reid and Phil Trathan},
	title = {Testing olfactory foraging strategies in an Antarctic seabird assemblage},
	journal = {Journal of Experimental Biology}
}
@article{Dell_Ariccia_2014,
	doi = {10.1242/jeb.097931},
	url = {https://doi.org/10.1242%2Fjeb.097931},
	year = 2014,
	month = {jan},
	publisher = {The Company of Biologists},
	author = {Gaia Dell{\textquotesingle}Ariccia and Aurelie Celerier and Marianne Gabirot and Pauline Palmas and Bruno Massa and Francesco Bonadonna},
	title = {Olfactory foraging in temperate waters: Sensitivity to dimethylsulfide by shearwaters in the Atlantic Ocean and Mediterranean Sea},
	journal = {Journal of Experimental Biology}
}
@article{Gagliardo_2013,
	doi = {10.1242/jeb.085738},
	url = {https://doi.org/10.1242%2Fjeb.085738},
	year = 2013,
	month = {aug},
	publisher = {The Company of Biologists},
	volume = {216},
	number = {15},
	pages = {2798--2805},
	author = {Anna Gagliardo and Joël Bried and Paolo Lambardi and Paolo Luschi and Martin Wikelski and Francesco Bonadonna},
	title = {Oceanic navigation in Cory{\textquotesingle}s shearwaters: evidence for a crucial role of olfactory cues for homing after displacement},
	journal = {Journal of Experimental Biology}
}
@article{Abolaffio_2018,
	doi = {10.1038/s41598-018-29919-0},
	url = {https://doi.org/10.1038%2Fs41598-018-29919-0},
	year = 2018,
	month = {aug},
	publisher = {Springer Science and Business Media {LLC}},
	volume = {8},
	number = {1},
	author = {Milo Abolaffio and Andy M. Reynolds and Jacopo G. Cecere and Vitor H. Paiva and Stefano Focardi},
	title = {Olfactory-cued navigation in shearwaters: linking movement patterns to mechanisms},
	journal = {Scientific Reports}
}
@article{Chimienti_2017,
	doi = {10.1002/ece3.3551},
	url = {https://doi.org/10.1002%2Fece3.3551},
	year = 2017,
	month = {oct},
	publisher = {Wiley},
	volume = {7},
	number = {23},
	pages = {10252--10265},
	author = {Marianna Chimienti and Thomas Cornulier and Ellie Owen and Mark Bolton and Ian M. Davies and Justin M. J. Travis and Beth E. Scott},
	title = {Taking movement data to new depths: Inferring prey availability and patch profitability from seabird foraging behavior},
	journal = {Ecology and Evolution}
}
@article{Patterson_2019,
	doi = {10.1002/ece3.4740},
	url = {https://doi.org/10.1002%2Fece3.4740},
	year = 2019,
	month = {feb},
	publisher = {Wiley},
	volume = {9},
	number = {6},
	pages = {3030--3045},
	author = {Allison Patterson and Hugh Grant Gilchrist and Lorraine Chivers and Scott Hatch and Kyle Elliott},
	title = {A comparison of techniques for classifying behavior from accelerometers for two species of seabird},
	journal = {Ecology and Evolution}
}
@article{Zhang_2019,
abstract = {ABSTRACTCommon Diving Petrels (Pelecanoides urinatrix urinatrix) are distributed widely around coastal New Zealand and breed primarily on predator-free offshore islands. Despite their ubiquity, little is known of their at-sea foraging movement, as their small size and frequent diving behaviour have presented logistic challenges to obtaining high-resolution tracking data that reflect detailed movement patterns. We present the first attempt to collect detailed (5 min/fix) movement trajectories of Common Diving Petrels, using miniaturised global positioning system (GPS) loggers. Adult breeding Common Diving Petrels were tracked for single foraging trips from Tiritiri Matangi Island near Auckland, New Zealand. We applied a hidden Markov model to infer behavioural states from the movement data, and a kernel density estimation on the GPS fixes of area-restricted behaviour to characterise feeding hotspots. We found that Common Diving Petrels in the Hauraki Gulf are local foragers during their breeding season, an...},
author = {Zhang, Jingjing and Rayner, Matt and Vickers, Shae and Landers, Todd and Sagar, Rachael and Stewart, John and Dunphy, Brendon},
doi = {10.1080/01584197.2018.1558997},
file = {:C$\backslash$:/Users/arang/AppData/Local/Mendeley Ltd./Mendeley Desktop/Downloaded/Zhang et al. - 2019 - GPS telemetry for small seabirds using hidden Markov models to infer foraging behaviour of Common Diving Petrels (.pdf:pdf},
issn = {14485540},
journal = {Emu},
keywords = {Common Diving Petrels,Foraging behaviour,GPS tracking,hidden Markov model,kernel density,small seabird},
month = {jan},
number = {2},
pages = {126--137},
publisher = {Taylor {\&} Francis},
title = {{GPS telemetry for small seabirds: using hidden Markov models to infer foraging behaviour of Common Diving Petrels (Pelecanoides urinatrix urinatrix)}},
url = {https://www.tandfonline.com/doi/full/10.1080/01584197.2018.1558997},
volume = {119},
year = {2019}
}
@article{Arlt_2013,
	doi = {10.1371/journal.pone.0082316},
	url = {https://doi.org/10.1371%2Fjournal.pone.0082316},
	year = 2013,
	month = {dec},
	publisher = {Public Library of Science ({PLoS})},
	volume = {8},
	number = {12},
	pages = {e82316},
	author = {Debora Arlt and Matthew Low and Tomas Pärt},
	editor = {Hans-Ulrich Peter},
	title = {Effect of Geolocators on Migration and Subsequent Breeding Performance of a Long-Distance Passerine Migrant},
	journal = {{PLoS} {ONE}}
}
@article{Igual_2004,
	doi = {10.1007/s00227-004-1461-0},
	url = {https://doi.org/10.1007%2Fs00227-004-1461-0},
	year = 2004,
	month = {oct},
	publisher = {Springer Science and Business Media {LLC}},
	volume = {146},
	number = {3},
	pages = {619--624},
	author = {J. M. Igual and M. G. Forero and G. Tavecchia and J. Gonz\'{a}lez-Solis and A. Mart\'{i}nez-Abra\'{i}n and K. A. Hobson and X. Ruiz and D. Oro},
	title = {Short-term effects of data-loggers on Cory's shearwater (Calonectris diomedea)},
	journal = {Marine Biology}
}
@article{Phillips_2003,
	doi = {10.1093/auk/120.4.1082},
	url = {https://doi.org/10.1093%2Fauk%2F120.4.1082},
	year = 2003,
	month = {oct},
	publisher = {Oxford University Press ({OUP})},
	volume = {120},
	number = {4},
	pages = {1082--1090},
	author = {Richard A. Phillips and Jose C. Xavier and John P. Croxall},
	editor = {A. E. Burger},
	title = {Effects of Satellite Transmitters on Albatrosses and Petrels},
	journal = {The Auk}
}
@article{Ludynia_2012,
	doi = {10.1371/journal.pone.0050429},
	url = {https://doi.org/10.1371%2Fjournal.pone.0050429},
	year = 2012,
	month = {nov},
	publisher = {Public Library of Science ({PLoS})},
	volume = {7},
	number = {11},
	pages = {e50429},
	author = {Katrin Ludynia and Nina Dehnhard and Maud Poisbleau and Laurent Demongin and Juan F. Masello and Petra Quillfeldt},
	editor = {Lewis George Halsey},
	title = {Evaluating the Impact of Handling and Logger Attachment on Foraging Parameters and Physiology in Southern Rockhopper Penguins},
	journal = {{PLoS} {ONE}}
}
@article{G_mez_2013,
	doi = {10.1007/s10336-013-0984-x},
	url = {https://doi.org/10.1007%2Fs10336-013-0984-x},
	year = 2013,
	month = {jun},
	publisher = {Springer Science and Business Media {LLC}},
	volume = {155},
	number = {1},
	pages = {37--44},
	author = {Jes{\'{u}}s G{\'{o}}mez and Chantel I. Michelson and David W. Bradley and D. Ryan Norris and Lisha L. Berzins and Russell D. Dawson and Robert G. Clark},
	title = {Effects of geolocators on reproductive performance and annual return rates of a migratory songbird},
	journal = {Journal of Ornithology}
}
@article{Fedak_2013,
	doi = {10.1016/j.dsr2.2012.07.007},
	url = {https://doi.org/10.1016%2Fj.dsr2.2012.07.007},
	year = 2013,
	month = {apr},
	publisher = {Elsevier {BV}},
	volume = {88-89},
	pages = {7--13},
	author = {M.A. Fedak},
	title = {The impact of animal platforms on polar ocean observation},
	journal = {Deep Sea Research Part {II}: Topical Studies in Oceanography}
}
@article{Adams_2009,
	doi = {10.1007/s00227-009-1367-y},
	url = {https://doi.org/10.1007%2Fs00227-009-1367-y},
	year = 2009,
	month = {dec},
	publisher = {Springer Science and Business Media {LLC}},
	volume = {157},
	number = {4},
	pages = {915--929},
	author = {Josh Adams and Stephanie Flora},
	title = {Correlating seabird movements with ocean winds: linking satellite telemetry with ocean scatterometry},
	journal = {Marine Biology}
}
@article{Freilich_1999,
	doi = {10.1029/1998jc900091},
	url = {https://doi.org/10.1029%2F1998jc900091},
	year = 1999,
	month = {may},
	publisher = {American Geophysical Union ({AGU})},
	volume = {104},
	number = {C5},
	pages = {11231--11246},
	author = {Michael H. Freilich and R. Scott Dunbar},
	title = {The accuracy of the {NSCAT} 1 vector winds: Comparisons with National Data Buoy Center buoys},
	journal = {Journal of Geophysical Research: Oceans}
}
@article{Spear_2008,
	doi = {10.1111/j.1474-919x.1997.tb04621.x},
	url = {https://doi.org/10.1111%2Fj.1474-919x.1997.tb04621.x},
	year = 2008,
	month = {jun},
	publisher = {Wiley},
	volume = {139},
	number = {2},
	pages = {234--251},
	author = {Spear, Larry B. and Ainley, David G.},
	title = {Flight speed of seabirds in relation to wind speed and direction},
	journal = {Ibis}
}
@incollection{Qiu_2001,
	doi = {10.1006/rwos.2001.0350},
	url = {https://doi.org/10.1006%2Frwos.2001.0350},
	year = 2001,
	publisher = {Elsevier},
	pages = {1413--1425},
	author = {B. Qiu},
	title = {Kuroshio And Oyashio Currents},
	booktitle = {Encyclopedia of Ocean Sciences}
}
@incollection{Bonadonna_2003,
	doi = {10.1007/978-3-662-05957-9_26},
	url = {https://doi.org/10.1007%2F978-3-662-05957-9_26},
	year = 2003,
	publisher = {Springer Berlin Heidelberg},
	pages = {367--377},
	author = {Francesco Bonadonna and Simon Benhamou and Pierre Jouventin},
	title = {Orientation in Featureless Environments: The Extreme Case of Pelagic Birds},
	booktitle = {Avian Migration}
}
@article{Ropert_Coudert_2006,
	doi = {10.1007/s00227-005-0188-x},
	url = {https://doi.org/10.1007%2Fs00227-005-0188-x},
	year = 2006,
	month = {jan},
	publisher = {Springer Science and Business Media {LLC}},
	volume = {149},
	number = {2},
	pages = {139--148},
	author = {Yan Ropert-Coudert and Akiko Kato and Rory P. Wilson and Belinda Cannell},
	title = {Foraging strategies and prey encounter rate of free-ranging Little Penguins},
	journal = {Marine Biology}
}
@incollection{Pennycuick_1975,
	doi = {10.1016/b978-0-12-249405-5.50009-4},
	url = {https://doi.org/10.1016%2Fb978-0-12-249405-5.50009-4},
	year = 1975,
	publisher = {Elsevier},
	pages = {1--75},
	author = {C.J. Pennycuick},
	title = {{MECHANICS} {OF} {FLIGHT}},
	booktitle = {Avian Biology}
}
@article{Tucker_1971,
	doi = {10.2307/4083964},
	url = {https://doi.org/10.2307%2F4083964},
	year = 1971,
	month = {jan},
	publisher = {Oxford University Press ({OUP})},
	volume = {88},
	number = {1},
	pages = {97--107},
	author = {Vance A. Tucker and Klaus Schmidt-Koenig},
	title = {Flight Speeds of Birds in Relation to Energetics and Wind Directions},
	journal = {The Auk}
}
@article{Liechti_2006,
	doi = {10.1007/s10336-006-0061-9},
	url = {https://doi.org/10.1007%2Fs10336-006-0061-9},
	year = 2006,
	month = {apr},
	publisher = {Springer Science and Business Media {LLC}},
	volume = {147},
	number = {2},
	pages = {202--211},
	author = {Felix Liechti},
	title = {Birds: blowin' by the wind?},
	journal = {Journal of Ornithology}
}
@article{Cianchetti_Benedetti_2017,
	doi = {10.1007/s00227-017-3106-0},
	url = {https://doi.org/10.1007%2Fs00227-017-3106-0},
	year = 2017,
	month = {mar},
	publisher = {Springer Science and Business Media {LLC}},
	volume = {164},
	number = {4},
	author = {M. Cianchetti-Benedetti and C. Catoni and A. Kato and B. Massa and P. Quillfeldt},
	title = {A new algorithm for the identification of dives reveals the foraging ecology of a shallow-diving seabird using accelerometer data},
	journal = {Marine Biology}
}
@article{Ochi_2009,
	doi = {10.1007/s10164-009-0187-3},
	url = {https://doi.org/10.1007%2Fs10164-009-0187-3},
	year = 2009,
	month = {oct},
	publisher = {Springer Science and Business Media {LLC}},
	volume = {28},
	number = {2},
	pages = {313--321},
	author = {Daisuke Ochi and Nariko Oka and Yutaka Watanuki},
	title = {Foraging trip decisions by the streaked shearwater Calonectris leucomelas depend on both parental and chick state},
	journal = {Journal of Ethology}
}
@article{Thiebot_2012,
	doi = {10.1007/s10336-012-0909-0},
	url = {https://doi.org/10.1007%2Fs10336-012-0909-0},
	year = 2012,
	month = {nov},
	publisher = {Springer Science and Business Media {LLC}},
	volume = {154},
	number = {2},
	pages = {441--453},
	author = {Jean-Baptiste Thiebot and Henri Weimerskirch},
	title = {Contrasted associations between seabirds and marine mammals across four biomes of the southern Indian Ocean},
	journal = {Journal of Ornithology}
}
@article{Linnebjerg_2013,
	doi = {10.1007/s10336-013-1015-7},
	url = {https://doi.org/10.1007%2Fs10336-013-1015-7},
	year = 2013,
	month = {oct},
	publisher = {Springer Science and Business Media {LLC}},
	volume = {155},
	number = {1},
	pages = {301--306},
	author = {Jannie Fries Linnebjerg and Nicholas Per Huffeldt and Knud Falk and Flemming R. Merkel and Anders Mosbech and Morten Frederiksen},
	title = {Inferring seabird activity budgets from leg-mounted time-depth recorders},
	journal = {Journal of Ornithology}
}
@article{Sim__2001,
	doi = {10.1016/s0169-5347(01)02152-8},
	url = {https://doi.org/10.1016%2Fs0169-5347%2801%2902152-8},
	year = 2001,
	month = {jun},
	publisher = {Elsevier {BV}},
	volume = {16},
	number = {6},
	pages = {287--294},
	author = {R Sim{\'{o}}},
	title = {Production of atmospheric sulfur by oceanic plankton: biogeochemical, ecological and evolutionary links},
	journal = {Trends in Ecology {\&} Evolution}
}
@article{Fuentes_Yaco_1997,
	doi = {10.1016/s0278-4343(97)00021-6},
	url = {https://doi.org/10.1016%2Fs0278-4343%2897%2900021-6},
	year = 1997,
	month = {oct},
	publisher = {Elsevier {BV}},
	volume = {17},
	number = {12},
	pages = {1421--1439},
	author = {C. Fuentes-Yaco and A.F. V{\'{e}}zina and P. Larouche and C. Vigneau and M. Gosselin and M. Levasseur},
	title = {Phytoplankton pigment in the Gulf of St. Lawrence, Canada, as determined by the Coastal Zone Color Scanner-Part I: spatio-temporal variability},
	journal = {Continental Shelf Research}
}
@article{Belviso_2003,
	doi = {10.1016/s0967-0637(03)00032-3},
	url = {https://doi.org/10.1016%2Fs0967-0637%2803%2900032-3},
	year = 2003,
	month = {apr},
	publisher = {Elsevier {BV}},
	volume = {50},
	number = {4},
	pages = {543--555},
	author = {Sauveur Belviso and Antoine Sciandra and Claire Copin-Mont{\'{e}}gut},
	title = {Mesoscale features of surface water {DMSP} and {DMS} concentrations in the Atlantic Ocean off Morocco and in the Mediterranean Sea},
	journal = {Deep Sea Research Part I: Oceanographic Research Papers}
}
@article{Papi_1972,
author = {F. Papi and L. Fiore and V. Fiaschi and S. Benvenuti},
title = {Olfaction and Homing in Pigeons},
journal = {Monitore Zoologico Italiano - Italian Journal of Zoology},
volume = {6},
number = {1},
pages = {85-95},
year  = {1972},
publisher = {Taylor & Francis},
doi = {10.1080/00269786.1972.10736187},
URL = {https://www.tandfonline.com/doi/abs/10.1080/00269786.1972.10736187}
}
@article{Ropert_Coudert_2004,
	doi = {10.1016/j.anbehav.2003.09.010},
	url = {https://doi.org/10.1016%2Fj.anbehav.2003.09.010},
	year = 2004,
	month = {may},
	publisher = {Elsevier {BV}},
	volume = {67},
	number = {5},
	pages = {985--992},
	author = {Yan Ropert-Coudert and David Gr{\'{e}}millet and Akiko Kato and Peter G. Ryan and Yasuhiko Naito and Yvon Le Maho},
	title = {A fine-scale time budget of Cape gannets provides insights into the foraging strategies of coastal seabirds},
	journal = {Animal Behaviour}
}
@article{Davoren_2003,
	doi = {10.1890/02-0208},
	url = {https://doi.org/10.1890%2F02-0208},
	year = 2003,
	month = {aug},
	publisher = {Wiley},
	volume = {73},
	number = {3},
	pages = {463--481},
	author = {Gail K. Davoren and William A. Montevecchi and John T. Anderson},
	title = {Search Strategies of a Pursuit--Diving Marine Bird and the Persistence of Prey Patches},
	journal = {Ecological Monographs}
}
@article{Davoren_2013,
	doi = {10.1007/s00227-013-2294-5},
	url = {https://doi.org/10.1007%2Fs00227-013-2294-5},
	year = 2013,
	month = {jul},
	publisher = {Springer Science and Business Media {LLC}},
	volume = {160},
	number = {12},
	pages = {3043--3058},
	author = {Gail K. Davoren},
	title = {Distribution of marine predator hotspots explained by persistent areas of prey},
	journal = {Marine Biology}
}
@article{Yamamoto_2008,
	doi = {10.1016/j.anbehav.2008.07.019},
	url = {https://doi.org/10.1016%2Fj.anbehav.2008.07.019},
	year = 2008,
	month = {nov},
	publisher = {Elsevier {BV}},
	volume = {76},
	number = {5},
	pages = {1647--1652},
	author = {Takashi Yamamoto and Akinori Takahashi and Ken Yoda and Nobuhiro Katsumata and Shinichi Watanabe and Katsufumi Sato and Philip N. Trathan},
	title = {The lunar cycle affects at-sea behaviour in a pelagic seabird, the streaked shearwater, Calonectris leucomelas},
	journal = {Animal Behaviour}
}
@article{Shiomi_2012,
	doi = {10.1016/j.anbehav.2011.11.010},
	url = {https://doi.org/10.1016%2Fj.anbehav.2011.11.010},
	year = 2012,
	month = {feb},
	publisher = {Elsevier {BV}},
	volume = {83},
	number = {2},
	pages = {355--359},
	author = {Kozue Shiomi and Ken Yoda and Nobuhiro Katsumata and Katsufumi Sato},
	title = {Temporal tuning of homeward flights in seabirds},
	journal = {Animal Behaviour}
}
@article{Thaxter_2012,
	doi = {10.1016/j.biocon.2011.12.009},
	url = {https://doi.org/10.1016%2Fj.biocon.2011.12.009},
	year = 2012,
	month = {nov},
	publisher = {Elsevier {BV}},
	volume = {156},
	pages = {53--61},
	author = {Chris B. Thaxter and Ben Lascelles and Kate Sugar and Aonghais S.C.P. Cook and Staffan Roos and Mark Bolton and Rowena H.W. Langston and Niall H.K. Burton},
	title = {Seabird foraging ranges as a preliminary tool for identifying candidate Marine Protected Areas},
	journal = {Biological Conservation}
}
@article{Hooker_2007,
	doi = {10.1016/j.dsr2.2007.01.001},
	url = {https://doi.org/10.1016%2Fj.dsr2.2007.01.001},
	year = 2007,
	month = {feb},
	publisher = {Elsevier {BV}},
	volume = {54},
	number = {3-4},
	pages = {177--182},
	author = {Sascha K. Hooker and Martin Biuw and Bernie J. McConnell and Patrick J.O. Miller and Carol E. Sparling},
	title = {Bio-logging science: Logging and relaying physical and biological data using animal-attached tags},
	journal = {Deep Sea Research Part {II}: Topical Studies in Oceanography}
}
@article{Jean_2009,
	doi = {10.1016/j.ecss.2008.12.006},
	url = {https://doi.org/10.1016%2Fj.ecss.2008.12.006},
	year = 2009,
	month = {mar},
	publisher = {Elsevier {BV}},
	volume = {81},
	number = {4},
	pages = {470--480},
	author = {Natacha Jean and G{\'{e}}rard Bog{\'{e}} and Jean-Louis Jamet and Dominique Jamet and Simone Richard},
	title = {Plankton origin of particulate dimethylsulfoniopropionate in a Mediterranean oligotrophic coastal and shallow ecosystem},
	journal = {Estuarine, Coastal and Shelf Science}
}
@article{Einoder_2009,
	doi = {10.1016/j.fishres.2008.09.024},
	url = {https://doi.org/10.1016%2Fj.fishres.2008.09.024},
	year = 2009,
	month = {jan},
	publisher = {Elsevier {BV}},
	volume = {95},
	number = {1},
	pages = {6--13},
	author = {L.D. Einoder},
	title = {A review of the use of seabirds as indicators in fisheries and ecosystem management},
	journal = {Fisheries Research}
}
@article{Yoda_2014,
	doi = {10.1016/j.pocean.2013.12.002},
	url = {https://doi.org/10.1016%2Fj.pocean.2013.12.002},
	year = 2014,
	month = {mar},
	publisher = {Elsevier {BV}},
	volume = {122},
	pages = {54--64},
	author = {Ken Yoda and Kozue Shiomi and Katsufumi Sato},
	title = {Foraging spots of streaked shearwaters in relation to ocean surface currents as identified using their drift movements},
	journal = {Progress in Oceanography}
}
@article{Spivey_2014,
	doi = {10.1016/j.pocean.2014.04.005},
	url = {https://doi.org/10.1016%2Fj.pocean.2014.04.005},
	year = 2014,
	month = {jun},
	publisher = {Elsevier {BV}},
	volume = {125},
	pages = {62--73},
	author = {R.J. Spivey and S. Stansfield and C.M. Bishop},
	title = {Analysing the intermittent flapping flight of a Manx Shearwater, Puffinus puffinus, and its sporadic use of a wave-meandering wing-sailing flight strategy},
	journal = {Progress in Oceanography}
}
@book{2008,
	doi = {10.1016/s1875-306x(08)x0002-4},
	url = {https://doi.org/10.1016%2Fs1875-306x%2808%29x0002-4},
	year = 2008,
	publisher = {Elsevier},
	title = {Modelling the Flying Bird}
}
@article{Kooyman_2004,
	author="Kooyman, Gerald L.",
	title="Genesis and evolution of bio-logging devices: 1963-2002",
	journal="Memoirs of National Institute of Polar Research. Special issue",
	ISSN="03860744",
	publisher="National Institute of Polar Research",
	year="2004",
	month="mar",
	volume="58",
	pages="15-22",
	URL="https://ci.nii.ac.jp/naid/110000010593/en/",
	DOI="",
}
@article{Fauchald_2003,
issn = {0012-9658},
journal = {Ecology},
year = 2003,
number = {2},
publisher = {Brooklyn Botanical Garden,},
title = {Using first-passage time in the analysis of area-restricted search and habitat selection},
volume = {84},
author = {Fauchald, Per and Tveraa, Torkild},
address = {Brooklyn, NY :},
}
@article{Kooyman_1965,
	doi = {10.1017/s003224740005484x},
	url = {https://doi.org/10.1017%2Fs003224740005484x},
	year = 1965,
	month = {jan},
	publisher = {Cambridge University Press ({CUP})},
	volume = {12},
	number = {79},
	pages = {391--394},
	author = {Gerald L. Kooyman},
	title = {Techniques used in measuring diving capacities of Weddell Seals},
	journal = {Polar Record}
}
@article{McConnell_1992,
	doi = {10.1017/s0954102092000580},
	url = {https://doi.org/10.1017%2Fs0954102092000580},
	year = 1992,
	month = {dec},
	publisher = {Cambridge University Press ({CUP})},
	volume = {4},
	number = {4},
	pages = {393--398},
	author = {B. J. McConnell and C. Chambers and M. A. Fedak},
	title = {Foraging ecology of southern elephant seals in relation to the bathymetry and productivity of the Southern Ocean},
	journal = {Antarctic Science}
}
@article{Kettle_2000,
	doi = {10.1029/2000jd900252},
	url = {https://doi.org/10.1029%2F2000jd900252},
	year = 2000,
	month = {nov},
	publisher = {American Geophysical Union ({AGU})},
	volume = {105},
	number = {D22},
	pages = {26793--26808},
	author = {A. J. Kettle and M. O. Andreae},
	title = {Flux of dimethylsulfide from the oceans: A comparison of updated data sets and flux models},
	journal = {Journal of Geophysical Research: Atmospheres}
}
@article{Bang_1960,
	doi = {10.1038/188547a0},
	url = {https://doi.org/10.1038%2F188547a0},
	year = 1960,
	month = {nov},
	publisher = {Springer Science and Business Media {LLC}},
	volume = {188},
	number = {4750},
	pages = {547--549},
	author = {Betsy Garrett Bang},
	title = {Anatomical Evidence for Olfactory Function in Some Species of Birds},
	journal = {Nature}
}
@article{Grubb_1972,
	doi = {10.1038/237404a0},
	url = {https://doi.org/10.1038%2F237404a0},
	year = 1972,
	month = {jun},
	publisher = {Springer Science and Business Media {LLC}},
	volume = {237},
	number = {5355},
	pages = {404--405},
	author = {Thomas C. Grubb},
	title = {Smell and Foraging in Shearwaters and Petrels},
	journal = {Nature}
}
@article{Nevitt_1995,
	doi = {10.1038/376680ao},
	url = {https://doi.org/10.1038%2F376680ao},
	year = 1995,
	month = {aug},
	publisher = {Springer Science and Business Media {LLC}},
	volume = {376},
	number = {6542},
	pages = {680--682},
	author = {Gabrielle A. Nevitt and Richard R. Veit and Peter Kareiva},
	title = {Dimethyl sulphide as a foraging cue for Antarctic Procellariiform seabirds},
	journal = {Nature}
}
@article{Abolaffio_2018,
	doi = {10.1038/s41598-018-29919-0},
	url = {https://doi.org/10.1038%2Fs41598-018-29919-0},
	year = 2018,
	month = {aug},
	publisher = {Springer Science and Business Media {LLC}},
	volume = {8},
	number = {1},
	author = {Milo Abolaffio and Andy M. Reynolds and Jacopo G. Cecere and Vitor H. Paiva and Stefano Focardi},
	title = {Olfactory-cued navigation in shearwaters: linking movement patterns to mechanisms},
	journal = {Scientific Reports}
}
@article{Gillies_2020,
	doi = {10.1038/s41598-020-72199-w},
	url = {https://doi.org/10.1038%2Fs41598-020-72199-w},
	year = 2020,
	month = {sep},
	publisher = {Springer Science and Business Media {LLC}},
	volume = {10},
	number = {1},
	author = {Natasha Gillies and Annette L. Fayet and Oliver Padget and Martyna Syposz and Joe Wynn and Sarah Bond and James Evry and Holly Kirk and Akiko Shoji and Ben Dean and Robin Freeman and Tim Guilford},
	title = {Short-term behavioural impact contrasts with long-term fitness consequences of biologging in a long-lived seabird},
	journal = {Scientific Reports}
}
@book{Stephens_1987,
	doi = {10.1515/9780691206790},
	url = {https://doi.org/10.1515%2F9780691206790},
	year = 1987,
	month = {dec},
	publisher = {Princeton University Press},
	author = {David W. Stephens and John R. Krebs},
	title = {Foraging Theory}
}
@incollection{Balance_2019,
	doi = {10.1016/b978-0-12-409548-9.11319-3},
	url = {https://doi.org/10.1016%2Fb978-0-12-409548-9.11319-3},
	year = 2019,
	publisher = {Elsevier},
	pages = {56--64},
	author = {Lisa T. Balance and David G. Ainley and George L. Hunt and Matthew Fuirst},
	title = {Seabird Foraging Ecology},
	booktitle = {Encyclopedia of Ocean Sciences}
}
@article{Weimerskirch_2003,
	doi = {10.1046/j.1365-2656.2002.00720.x},
	url = {https://doi.org/10.1046%2Fj.1365-2656.2002.00720.x},
	year = 2003,
	month = {may},
	publisher = {Wiley},
	volume = {72},
	number = {3},
	pages = {500--508},
	author = {Henri Weimerskirch and Andre Ancel and Michel Caloin and Alexandre Zahariev and Jerome Spagiari and Marcel Kersten and Olivier Chastel},
	title = {Foraging efficiency and adjustment of energy expenditure in a pelagic seabird provisioning its chick},
	journal = {Journal of Animal Ecology}
}
@incollection{Shealer_2001,
	doi = {10.1201/9781420036305-9},
	url = {https://doi.org/10.1201%2F9781420036305-9},
	year = 2001,
	month = {aug},
	publisher = {{CRC} Press},
	pages = {155--196},
	author = {David A. Shealer},
	title = {Foraging Behavior and Food of Seabirds},
	booktitle = {Biology of Marine Birds}
}
@article{Oppel_2018,
	doi = {10.1016/j.marpol.2018.08.024},
	url = {https://doi.org/10.1016%2Fj.marpol.2018.08.024},
	year = 2018,
	month = {dec},
	publisher = {Elsevier {BV}},
	volume = {98},
	pages = {37--46},
	author = {Steffen Oppel and Mark Bolton and Ana P.B. Carneiro and Maria P. Dias and Jonathan A. Green and Juan F. Masello and Richard A. Phillips and Ellie Owen and Petra Quillfeldt and Annalea Beard and Sophie Bertrand and Jez Blackburn and P. Dee Boersma and Alder Borges and Annette C. Broderick and Paulo Catry and Ian Cleasby and Elizabeth Clingham and Jeroen Creuwels and Sarah Crofts and Richard J. Cuthbert and Hanneke Dallmeijer and Delia Davies and Rachel Davies and Ben J. Dilley and Herculano Andrade Dinis and Justine Dossa and Michael J. Dunn and Marcio A. Efe and Annette L. Fayet and Leila Figueiredo and Adelcides Pereira Frederico and Carina Gjerdrum and Brendan J. Godley and Jos{\'{e}} Pedro Granadeiro and Tim Guilford and Keith C. Hamer and Carolina Hazin and April Hedd and Leeann Henry and Marcos Hern{\'{a}}ndez-Montero and Jefferson Hinke and Nobuo Kokubun and Eliza Leat and Laura McFarlane Tranquilla and Benjamin Metzger and Teresa Milit{\~{a}}o and Gilson Montrond and Wim Mulli{\'{e}} and Oliver Padget and Elizabeth J. Pearmain and Ingrid L. Pollet and Klemens Pütz and Flavio Quintana and Norman Ratcliffe and Robert A. Ronconi and Peter G. Ryan and Sarah Saldanha and Akiko Shoji and Jolene Sim and Cleo Small and Louise Soanes and Akinori Takahashi and Phil Trathan and Wayne Trivelpiece and Jan Veen and Ewan Wakefield and Nicola Weber and Sam Weber and Laura Zango and Francis Daunt and Motohiro Ito and Michael P. Harris and Mark A. Newell and Sarah Wanless and Jacob Gonz{\'{a}}lez-Sol{\'{\i}}s and John Croxall},
	title = {Spatial scales of marine conservation management for breeding seabirds},
	journal = {Marine Policy}
}
@article{Julia-2017,
    title={Julia: A fresh approach to numerical computing},
    author={Bezanson, Jeff and Edelman, Alan and Karpinski, Stefan and Shah, Viral B},
    journal={SIAM {R}eview},
    volume={59},
    number={1},
    pages={65--98},
    year={2017},
    publisher={SIAM},
    doi={10.1137/141000671},
    url={https://epubs.siam.org/doi/10.1137/141000671}
}
@article{Korpela_2020,
	doi = {10.1038/s42003-020-01356-8},
	url = {https://doi.org/10.1038%2Fs42003-020-01356-8},
	year = 2020,
	month = {oct},
	publisher = {Springer Science and Business Media {LLC}},
	volume = {3},
	number = {1},
	author = {Joseph Korpela and Hirokazu Suzuki and Sakiko Matsumoto and Yuichi Mizutani and Masaki Samejima and Takuya Maekawa and Junichi Nakai and Ken Yoda},
	title = {Machine learning enables improved runtime and precision for bio-loggers on seabirds},
	journal = {Communications Biology}
}
@article{Jacobs_2012,
	doi = {10.1073/pnas.1201880109},
	url = {https://doi.org/10.1073%2Fpnas.1201880109},
	year = 2012,
	month = {jun},
	publisher = {Proceedings of the National Academy of Sciences},
	volume = {109},
	number = {Supplement{\_}1},
	pages = {10693--10700},
	author = {L. F. Jacobs},
	title = {From chemotaxis to the cognitive map: The function of olfaction},
	journal = {Proceedings of the National Academy of Sciences}
}
@article{Yonehara_2016,
	doi = {10.1073/pnas.1523853113},
	url = {https://doi.org/10.1073%2Fpnas.1523853113},
	year = 2016,
	month = {jul},
	publisher = {Proceedings of the National Academy of Sciences},
	volume = {113},
	number = {32},
	pages = {9039--9044},
	author = {Yoshinari Yonehara and Yusuke Goto and Ken Yoda and Yutaka Watanuki and Lindsay C. Young and Henri Weimerskirch and Charles-Andr{\'{e}} Bost and Katsufumi Sato},
	title = {Flight paths of seabirds soaring over the ocean surface enable measurement of fine-scale wind speed and direction},
	journal = {Proceedings of the National Academy of Sciences}
}
@article{Kareiva_1987,
	doi = {10.1086/284707},
	url = {https://doi.org/10.1086%2F284707},
	year = 1987,
	month = {aug},
	publisher = {University of Chicago Press},
	volume = {130},
	number = {2},
	pages = {233--270},
	author = {Peter Kareiva and Garrett Odell},
	title = {Swarms of Predators Exhibit "Preytaxis" if Individual Predators Use Area-Restricted Search},
	journal = {The American Naturalist}
}
@article{Weimerskirch_2007a,
	doi = {10.1086/522059},
	url = {https://doi.org/10.1086%2F522059},
	year = 2007,
	month = {nov},
	publisher = {University of Chicago Press},
	volume = {170},
	number = {5},
	pages = {734--743},
	author = {Henri Weimerskirch and David Pinaud and Fr{\'{e}}d{\'{e}}ric Pawlowski and Charles-Andr{\'{e}} Bost},
	title = {Does Prey Capture Induce Area-Restricted Search? A Fine-Scale Study Using {GPS} in a Marine Predator, the Wandering Albatross},
	journal = {The American Naturalist}
}
@article{Weimerskirch_2007b,
	doi = {10.1016/j.dsr2.2006.11.013},
	url = {https://doi.org/10.1016%2Fj.dsr2.2006.11.013},
	year = 2007,
	month = {feb},
	publisher = {Elsevier {BV}},
	volume = {54},
	number = {3-4},
	pages = {211--223},
	author = {Henri Weimerskirch},
	title = {Are seabirds foraging for unpredictable resources?},
	journal = {Deep Sea Research Part {II}: Topical Studies in Oceanography}
}
@article{Isada_2009,
	doi = {10.1093/plankt/fbp050},
	url = {https://doi.org/10.1093%2Fplankt%2Ffbp050},
	year = 2009,
	month = {jun},
	publisher = {Oxford University Press ({OUP})},
	volume = {31},
	number = {9},
	pages = {1009--1025},
	author = {T. Isada and A. Kuwata and H. Saito and T. Ono and M. Ishii and H. Yoshikawa-Inoue and K. Suzuki},
	title = {Photosynthetic features and primary productivity of phytoplankton in the Oyashio and Kuroshio-Oyashio transition regions of the northwest Pacific},
	journal = {Journal of Plankton Research}
}
@article{Nevitt_2005,
	doi = {10.1098/rsbl.2005.0350},
	url = {https://doi.org/10.1098%2Frsbl.2005.0350},
	year = 2005,
	month = {jun},
	publisher = {The Royal Society},
	volume = {1},
	number = {3},
	pages = {303--305},
	author = {Gabrielle A Nevitt and Francesco Bonadonna},
	title = {Sensitivity to dimethyl sulphide suggests a mechanism for olfactory navigation by seabirds},
	journal = {Biology Letters}
}
@article{Hiscock_2016,
	doi = {10.1073/pnas.1600341113},
	url = {https://doi.org/10.1073%2Fpnas.1600341113},
	year = 2016,
	month = {apr},
	publisher = {Proceedings of the National Academy of Sciences},
	volume = {113},
	number = {17},
	pages = {4634--4639},
	author = {Hamish G. Hiscock and Susannah Worster and Daniel R. Kattnig and Charlotte Steers and Ye Jin and David E. Manolopoulos and Henrik Mouritsen and P. J. Hore},
	title = {The quantum needle of the avian magnetic compass},
	journal = {Proceedings of the National Academy of Sciences}
}
@article{Wiltschko_2011,
	doi = {10.1016/j.proche.2011.08.035},
	url = {https://doi.org/10.1016%2Fj.proche.2011.08.035},
	year = 2011,
	publisher = {Elsevier {BV}},
	volume = {3},
	number = {1},
	pages = {276--284},
	author = {Wolfgang Wiltschko and Roswitha Wiltschko and Thorsten Ritz},
	title = {The mechanism of the avian magnetic compass},
	journal = {Procedia Chemistry}
}
@article{Weimerskirch_2000,
	doi = {10.1098/rspb.2000.1223},
	url = {https://doi.org/10.1098%2Frspb.2000.1223},
	year = 2000,
	month = {sep},
	publisher = {The Royal Society},
	volume = {267},
	number = {1455},
	pages = {1869--1874},
	author = {H. Weimerskirch and T. Guionnet and J. Martin and S. A. Shaffer and D. P. Costa},
	title = {Fast and fuel efficient? Optimal use of wind by flying albatrosses},
	journal = {Proceedings of the Royal Society of London. Series B: Biological Sciences}
}
@article{Reynolds_2015,
	doi = {10.1098/rspb.2015.0468},
	url = {https://doi.org/10.1098%2Frspb.2015.0468},
	year = 2015,
	month = {jul},
	publisher = {The Royal Society},
	volume = {282},
	number = {1811},
	pages = {20150468},
	author = {Andrew M. Reynolds and Jacopo G. Cecere and Vitor H. Paiva and Jaime A. Ramos and Stefano Focardi},
	title = {Pelagic seabird flight patterns are consistent with a reliance on olfactory maps for oceanic navigation},
	journal = {Proceedings of the Royal Society B: Biological Sciences}
}
@article{1993,
	doi = {10.1098/rstb.1993.0048},
	url = {https://doi.org/10.1098%2Frstb.1993.0048},
	year = 1993,
	month = {apr},
	publisher = {The Royal Society},
	volume = {340},
	number = {1291},
	pages = {55--67},
	title = {Flight tracks and speeds of Antarctic and Atlantic seabirds: radar and optical measurements},
	journal = {Philosophical Transactions of the Royal Society of London. Series B: Biological Sciences}
}
@article{Zimmer_2003,
	doi = {10.1109/joe.2002.808209},
	url = {https://doi.org/10.1109%2Fjoe.2002.808209},
	year = 2003,
	month = {jan},
	publisher = {Institute of Electrical and Electronics Engineers ({IEEE})},
	volume = {28},
	number = {1},
	pages = {13--28},
	author = {W.M.X. Zimmer and M.P. Johnson and A. D'Amico and P.L. Tyack},
	title = {Combining data from a multisensor tag and passive sonar to determine the diving behavior of a sperm whale (physeter macrocephalus)},
	journal = {{IEEE} Journal of Oceanic Engineering}
}
@article{Delord_2008,
	doi = {10.1016/j.biocon.2008.05.001},
	url = {https://doi.org/10.1016%2Fj.biocon.2008.05.001},
	year = 2008,
	month = {jul},
	publisher = {Elsevier {BV}},
	volume = {141},
	number = {7},
	pages = {1840--1856},
	author = {Karine Delord and Dominique Besson and Christophe Barbraud and Henri Weimerskirch},
	title = {Population trends in a community of large Procellariiforms of Indian Ocean: Potential effects of environment and fisheries interactions},
	journal = {Biological Conservation}
}
@article{Roman_2019,
	doi = {10.1038/s41598-018-37324-w},
	url = {https://doi.org/10.1038%2Fs41598-018-37324-w},
	year = 2019,
	month = {jan},
	publisher = {Springer Science and Business Media {LLC}},
	volume = {9},
	number = {1},
	author = {Lauren Roman and Elizabeth Bell and Chris Wilcox and Britta Denise Hardesty and Mark Hindell},
	title = {Ecological drivers of marine debris ingestion in Procellariiform Seabirds},
	journal = {Scientific Reports}
}
@article{WILSON_2006,
	doi = {10.1111/j.1365-2656.2006.01127.x},
	url = {https://doi.org/10.1111%2Fj.1365-2656.2006.01127.x},
	year = 2006,
	month = {jun},
	publisher = {Wiley},
	volume = {75},
	number = {5},
	pages = {1081--1090},
	author = {Rory P. Wilson and Craig R. White and Flavio Quintana and Lewis G. Halsey and Nikolai Liebsch and Graham R. Martin and Patrick J. Butler},
	title = {Moving towards acceleration for estimates of activity-specific metabolic rate in free-living animals: the case of the cormorant},
	journal = {Journal of Animal Ecology}
}
@article{Sato_2008,
	doi = {10.1242/jeb.009811},
	url = {https://doi.org/10.1242%2Fjeb.009811},
	year = 2008,
	month = {jan},
	publisher = {The Company of Biologists},
	volume = {211},
	number = {1},
	pages = {58--65},
	author = {Katsufumi Sato and Francis Daunt and Yutaka Watanuki and Akinori Takahashi and Sarah Wanless},
	title = {A new method to quantify prey acquisition in diving seabirds using wing stroke frequency},
	journal = {Journal of Experimental Biology}
}
@article{AguilarSoto_2008,
	doi = {10.1111/j.1365-2656.2008.01393.x},
	url = {https://doi.org/10.1111%2Fj.1365-2656.2008.01393.x},
	year = 2008,
	month = {sep},
	publisher = {Wiley},
	volume = {77},
	number = {5},
	pages = {936--947},
	author = {Natacha Aguilar Soto and Mark P. Johnson and Peter T. Madsen and Francisca D{\'{\i}}az and Iv{\'{a}}n Dom{\'{\i}}nguez and Alberto Brito and Peter Tyack},
	title = {Cheetahs of the deep sea: deep foraging sprints in short-finned pilot whales off Tenerife (Canary Islands)},
	journal = {Journal of Animal Ecology}
}
@article{VAN_BUSKIRK_2007,
	doi = {10.1111/j.1420-9101.2007.01465.x},
	url = {https://doi.org/10.1111%2Fj.1420-9101.2007.01465.x},
	year = 2007,
	month = {nov},
	publisher = {Wiley},
	volume = {21},
	number = {1},
	pages = {67--76},
	author = {R. W. Van Buskirk and G. A. Nevitt},
	title = {The influence of developmental environment on the evolution of olfactory foraging behaviour in procellariiform seabirds},
	journal = {Journal of Evolutionary Biology}
}
@article{Bowlin_2010,
	doi = {10.1111/j.2041-210x.2010.00043.x},
	url = {https://doi.org/10.1111%2Fj.2041-210x.2010.00043.x},
	year = 2010,
	month = {jun},
	publisher = {Wiley},
	volume = {1},
	number = {4},
	pages = {398--402},
	author = {Melissa S. Bowlin and Per Henningsson and Florian T. Muijres and Roel H. E. Vleugels and Felix Liechti and Anders Hedenström},
	title = {The effects of geolocator drag and weight on the flight ranges of small migrants},
	journal = {Methods in Ecology and Evolution}
}
@article{Gleiss_2010,
	doi = {10.1111/j.2041-210x.2010.00057.x},
	url = {https://doi.org/10.1111%2Fj.2041-210x.2010.00057.x},
	year = 2010,
	month = {aug},
	publisher = {Wiley},
	volume = {2},
	number = {1},
	pages = {23--33},
	author = {Adrian C. Gleiss and Rory P. Wilson and Emily L. C. Shepard},
	title = {Making overall dynamic body acceleration work: on the theory of acceleration as a proxy for energy expenditure},
	journal = {Methods in Ecology and Evolution}
}
@article{Yamamoto_2015,
	doi = {10.1111/jbi.12654},
	url = {https://doi.org/10.1111%2Fjbi.12654},
	year = 2015,
	month = {dec},
	publisher = {Wiley},
	volume = {43},
	number = {4},
	pages = {801--808},
	author = {Takashi Yamamoto and Hiroyoshi Kohno and Akira Mizutani and Ken Yoda and Sakiko Matsumoto and Ryo Kawabe and Shinichi Watanabe and Nariko Oka and Katsufumi Sato and Maki Yamamoto and Hisashi Sugawa and Kiyotaka Karino and Kozue Shiomi and Yoshinari Yonehara and Akinori Takahashi},
	title = {Geographical variation in body size of a pelagic seabird, the streaked shearwater Calonectris leucomelas},
	journal = {Journal of Biogeography}
}
@article{Goto_2017,
	doi = {10.1126/sciadv.1700097},
	url = {https://doi.org/10.1126%2Fsciadv.1700097},
	year = 2017,
	month = {sep},
	publisher = {American Association for the Advancement of Science ({AAAS})},
	volume = {3},
	number = {9},
	pages = {e1700097},
	author = {Yusuke Goto and Ken Yoda and Katsufumi Sato},
	title = {Asymmetry hidden in birds' tracks reveals wind, heading, and orientation ability over the ocean},
	journal = {Science Advances}
}
@article{DACEY_1986,
	doi = {10.1126/science.233.4770.1314},
	url = {https://doi.org/10.1126%2Fscience.233.4770.1314},
	year = 1986,
	month = {sep},
	publisher = {American Association for the Advancement of Science ({AAAS})},
	volume = {233},
	number = {4770},
	pages = {1314--1316},
	author = {J. W. H. Dacey and S. G. Wakeham},
	title = {Oceanic Dimethylsulfide: Production During Zooplankton Grazing on Phytoplankton},
	journal = {Science}
}
@article{Zannoni_2020,
	doi = {10.1038/s41598-020-72525-2},
	url = {https://doi.org/10.1038%2Fs41598-020-72525-2},
	year = 2020,
	month = {sep},
	publisher = {Springer Science and Business Media {LLC}},
	volume = {10},
	number = {1},
	author = {Nora Zannoni and Martin Wikelski and Anna Gagliardo and Atif Raza and Stefan Kramer and Chiara Seghetti and Nijing Wang and Achim Edtbauer and Jonathan Williams},
	title = {Identifying volatile organic compounds used for olfactory navigation by homing pigeons},
	journal = {Scientific Reports}
}
@article{Thiebault_2014,
	doi = {10.1093/beheco/aru132},
	url = {https://doi.org/10.1093%2Fbeheco%2Faru132},
	year = 2014,
	publisher = {Oxford University Press ({OUP})},
	volume = {25},
	number = {6},
	pages = {1302--1310},
	author = {Andr{\'{e}}a Thiebault and Ralf H.E. Mullers and Pierre A. Pistorius and Yann Tremblay},
	title = {Local enhancement in a seabird: reaction distances and foraging consequence of predator aggregations},
	journal = {Behavioral Ecology}
}
@incollection{Forward_1976,
  author       = {Richard B. Forward}, 
  title        = {Light and Diurnal Vertical Migration: Photobehavior and Photophysiology of Plankton},
  booktitle    = {Photochemical and photobiological reviews},
  publisher    = {Plenum Press},
  year         = 1976,
  pages        = {157-209},
  address      = {New York},
}
@article{Hebshi_2008,
	doi = {10.3354/ab00098},
	url = {https://doi.org/10.3354%2Fab00098},
	year = 2008,
	month = {nov},
	publisher = {Inter-Research Science Center},
	volume = {19},
	number = {3},
	pages = {89--98},
	author = {AJ Hebshi and DC Duffy and KD Hyrenbach},
	title = {Associations between seabirds and subsurface predators around Oahu, Hawaii},
	journal = {Aquatic Biology}
}
@article{Baldaccini_1975,
	doi = {10.1007/bf00613834},
	url = {https://doi.org/10.1007%2Fbf00613834},
	year = 1975,
	publisher = {Springer Science and Business Media {LLC}},
	volume = {99},
	number = {3},
	pages = {177--186},
	author = {N. E. Baldaccini and S. Benvenuti and V. Fiaschi and F. Papi},
	title = {Pigeon navigation: Effects of wind deflection at home cage on homing behaviour},
	journal = {Journal of Comparative Physiology ? A}
}
@article{Burger_1997,
	doi = {10.2307/1521764},
	url = {https://doi.org/10.2307%2F1521764},
	year = 1997,
	publisher = {{JSTOR}},
	volume = {20},
	number = {1},
	pages = {55},
	author = {Alan E. Burger},
	title = {Arrival and Departure Behavior of Common Murres at Colonies: Evidence for an Information Halo?},
	journal = {Colonial Waterbirds}
}
@article{Milinski_1993,
	doi = {10.2307/1939438},
	url = {https://doi.org/10.2307%2F1939438},
	year = 1993,
	month = {sep},
	publisher = {Wiley},
	volume = {75},
	number = {4},
	pages = {1150--1156},
	author = {Manfred Milinski},
	title = {Long-Term Memory for Food Patches and Implications for Ideal Free Distributions in Sticklebacks},
	journal = {Ecology}
}
@article{Paiva_2010,
	doi = {10.1016/j.zool.2009.05.003},
	url = {https://doi.org/10.1016%2Fj.zool.2009.05.003},
	year = 2010,
	month = {jan},
	publisher = {Elsevier {BV}},
	volume = {113},
	number = {1},
	pages = {47--56},
	author = {Vitor H. Paiva and Tim Guilford and Jessica Meade and Pedro Geraldes and Jaime A. Ramos and Stefan Garthe},
	title = {Flight dynamics of Cory's shearwater foraging in a coastal environment},
	journal = {Zoology}
}
@article{Weimerskirch_2005,
	doi = {10.1098/rspb.2004.2918},
	url = {https://doi.org/10.1098%2Frspb.2004.2918},
	year = 2005,
	month = {jan},
	publisher = {The Royal Society},
	volume = {272},
	number = {1558},
	pages = {53--61},
	author = {H. Weimerskirch and M. Le Corre and Y. Ropert-Coudert and A. Kato and F. Marsac},
	title = {The three-dimensional flight of red-footed boobies: adaptations to foraging in a tropical environment?},
	journal = {Proceedings of the Royal Society B: Biological Sciences}
}
@article{Buckley_1997,
	doi = {10.1086/286040},
	url = {https://doi.org/10.1086%2F286040},
	year = 1997,
	month = {jun},
	publisher = {University of Chicago Press},
	volume = {149},
	number = {6},
	pages = {1091--1112},
	author = {Neil~J. Buckley},
	title = {Spatial-Concentration Effects and the Importance of Local Enhancement in the Evolution of Colonial Breeding in Seabirds},
	journal = {The American Naturalist}
}
@article{Greene_1987,
	doi = {10.1038/329239a0},
	url = {https://doi.org/10.1038%2F329239a0},
	year = 1987,
	month = {sep},
	publisher = {Springer Science and Business Media {LLC}},
	volume = {329},
	number = {6136},
	pages = {239--241},
	author = {Erick Greene},
	title = {Individuals in an osprey colony discriminate between high and low quality information},
	journal = {Nature}
}
@article{Ioal__1978,
	doi = {10.1007/bf00657603},
	url = {https://doi.org/10.1007%2Fbf00657603},
	year = 1978,
	publisher = {Springer Science and Business Media {LLC}},
	volume = {128},
	number = {4},
	pages = {285--295},
	author = {P. Ioal\'e and F. Papi and V. Fiaschi and N. E. Baldaccini},
	title = {Pigeon navigation: Effects upon homing behaviour by reversing wind direction at the loft},
	journal = {Journal of Comparative Physiology ? A}
}
@article{Stein_2015,
	doi = {10.1175/bams-d-14-00110.1},
	url = {https://doi.org/10.1175%2Fbams-d-14-00110.1},
	year = 2015,
	month = {dec},
	publisher = {American Meteorological Society},
	volume = {96},
	number = {12},
	pages = {2059--2077},
	author = {A. F. Stein and R. R. Draxler and G. D. Rolph and B. J. B. Stunder and M. D. Cohen and F. Ngan},
	title = {{NOAA}'s {HYSPLIT} Atmospheric Transport and Dispersion Modeling System},
	journal = {Bulletin of the American Meteorological Society}
}
@article{Codling_2010,
	doi = {10.1890/09-1729.1},
	url = {https://doi.org/10.1890%2F09-1729.1},
	year = 2010,
	month = {oct},
	publisher = {Wiley},
	volume = {91},
	number = {10},
	pages = {3106--3113},
	author = {Edward A. Codling and Rachel N. Bearon and Graeme J. Thorn},
	title = {Diffusion about the mean drift location in a biased random walk},
	journal = {Ecology}
}
@article{Bom_2014,
	doi = {10.1186/2051-3933-2-6},
	url = {https://doi.org/10.1186%2F2051-3933-2-6},
	year = 2014,
	month = {mar},
	publisher = {Springer Science and Business Media {LLC}},
	volume = {2},
	number = {1},
	author = {Roeland A Bom and Willem Bouten and Theunis Piersma and Kees Oosterbeek and Jan A van Gils},
	title = {Optimizing acceleration-based ethograms: the use of variable-time versus fixed-time segmentation},
	journal = {Movement Ecology}
}
@article{Sato_2003,
	doi = {10.1242/jeb.00265},
	url = {https://doi.org/10.1242%2Fjeb.00265},
	year = 2003,
	month = {may},
	publisher = {The Company of Biologists},
	volume = {206},
	number = {9},
	pages = {1461--1470},
	author = {Katsufumi Sato and Yoko Mitani and Michael F. Cameron and Donald B. Siniff and Yasuhiko Naito},
	title = {Factors affecting stroking patterns and body angle in diving Weddell seals under natural conditions},
	journal = {Journal of Experimental Biology}
}
@article{Nevitt_2008,
	doi = {10.1242/jeb.015412},
	url = {https://doi.org/10.1242%2Fjeb.015412},
	year = 2008,
	month = {jun},
	publisher = {The Company of Biologists},
	volume = {211},
	number = {11},
	pages = {1706--1713},
	author = {Gabrielle A. Nevitt},
	title = {Sensory ecology on the high seas: the odor world of the procellariiform seabirds},
	journal = {Journal of Experimental Biology}
}
@article{Bonadonna_2006,
	doi = {10.1242/jeb.02252},
	url = {https://doi.org/10.1242%2Fjeb.02252},
	year = 2006,
	month = {jun},
	publisher = {The Company of Biologists},
	volume = {209},
	number = {11},
	pages = {2165--2169},
	author = {F. Bonadonna and S. Caro and P. Jouventin and G. A. Nevitt},
	title = {Evidence that blue petrel, Halobaena caerulea, fledglings can detect and orient to dimethyl sulfide},
	journal = {Journal of Experimental Biology}
}
@article{Sakamoto_2013,
	doi = {10.1242/jeb.079905},
	url = {https://doi.org/10.1242%2Fjeb.079905},
	year = 2013,
	month = {jan},
	publisher = {The Company of Biologists},
	author = {Kentaro Q. Sakamoto and Akinori Takahashi and Takashi Iwata and Takashi Yamamoto and Maki Yamamoto and Philip N. Trathan},
	title = {Heart rate and estimated energy expenditure of flapping and gliding in black-browed albatrosses},
	journal = {Journal of Experimental Biology}
}
@article{Dell_Ariccia_2014,
	doi = {10.1242/jeb.097931},
	url = {https://doi.org/10.1242%2Fjeb.097931},
	year = 2014,
	month = {jan},
	publisher = {The Company of Biologists},
	author = {Gaia Dell'Ariccia and Aurelie Celerier and Marianne Gabirot and Pauline Palmas and Bruno Massa and Francesco Bonadonna},
	title = {Olfactory foraging in temperate waters: Sensitivity to dimethylsulfide by shearwaters in the Atlantic Ocean and Mediterranean Sea},
	journal = {Journal of Experimental Biology}
}
@article{Sato_2009,
	doi = {10.1371/journal.pone.0005400},
	url = {https://doi.org/10.1371%2Fjournal.pone.0005400},
	year = 2009,
	month = {apr},
	publisher = {Public Library of Science ({PLoS})},
	volume = {4},
	number = {4},
	pages = {e5400},
	author = {Katsufumi Sato and Kentaro Q. Sakamoto and Yutaka Watanuki and Akinori Takahashi and Nobuhiro Katsumata and Charles-Andr{\'{e}} Bost and Henri Weimerskirch},
	editor = {Stuart Humphries},
	title = {Scaling of Soaring Seabirds and Implications for Flight Abilities of Giant Pterosaurs},
	journal = {{PLoS} {ONE}}
}
@article{Weimerskirch_2010b,
	doi = {10.1371/journal.pone.0009928},
	url = {https://doi.org/10.1371%2Fjournal.pone.0009928},
	year = 2010,
	month = {mar},
	publisher = {Public Library of Science ({PLoS})},
	volume = {5},
	number = {3},
	pages = {e9928},
	author = {Henri Weimerskirch and Sophie Bertrand and Jaime Silva and Jose Carlos Marques and Elisa Goya},
	editor = {Brian Gratwicke},
	title = {Use of Social Information in Seabirds: Compass Rafts Indicate the Heading of Food Patches},
	journal = {{PLoS} {ONE}}
}
@article{Ronconi_2010,
	doi = {10.1371/journal.pone.0015508},
	url = {https://doi.org/10.1371%2Fjournal.pone.0015508},
	year = 2010,
	month = {nov},
	publisher = {Public Library of Science ({PLoS})},
	volume = {5},
	number = {11},
	pages = {e15508},
	author = {Robert A. Ronconi and Peter G. Ryan and Yan Ropert-Coudert},
	editor = {Hans-Ulrich Peter},
	title = {Diving of Great Shearwaters (Puffinus gravis) in Cold and Warm Water Regions of the South Atlantic Ocean},
	journal = {{PLoS} {ONE}}
}
@article{Miramontes_2012,
	doi = {10.1371/journal.pone.0034317},
	url = {https://doi.org/10.1371%2Fjournal.pone.0034317},
	year = 2012,
	month = {apr},
	publisher = {Public Library of Science ({PLoS})},
	volume = {7},
	number = {4},
	pages = {e34317},
	author = {Octavio Miramontes and Denis Boyer and Frederic Bartumeus},
	editor = {Frederick R. Adler},
	title = {The Effects of Spatially Heterogeneous Prey Distributions on Detection Patterns in Foraging Seabirds},
	journal = {{PLoS} {ONE}}
}
@article{Sachs_2012,
	doi = {10.1371/journal.pone.0041449},
	url = {https://doi.org/10.1371%2Fjournal.pone.0041449},
	year = 2012,
	month = {sep},
	publisher = {Public Library of Science ({PLoS})},
	volume = {7},
	number = {9},
	pages = {e41449},
	author = {Gottfried Sachs and Johannes Traugott and Anna P. Nesterova and Giacomo Del'Omo and Franz Kümmeth and Wolfgang Heidrich and Alexei L. Vyssotski and Francesco Bonadonna},
	editor = {Andr{\'{e}} Chiaradia},
	title = {Flying at No Mechanical Energy Cost: Disclosing the Secret of Wandering Albatrosses},
	journal = {{PLoS} {ONE}}
}
@article{Berlincourt_2015,
	doi = {10.1371/journal.pone.0139351},
	url = {https://doi.org/10.1371%2Fjournal.pone.0139351},
	year = 2015,
	month = {oct},
	publisher = {Public Library of Science ({PLoS})},
	volume = {10},
	number = {10},
	pages = {e0139351},
	author = {Maud Berlincourt and Lauren P. Angel and John P. Y. Arnould},
	editor = {Hans-Ulrich Peter},
	title = {Combined Use of {GPS} and Accelerometry Reveals Fine Scale Three-Dimensional Foraging Behaviour in the Short-Tailed Shearwater},
	journal = {{PLOS} {ONE}}
}
@article{Sur_2017,
	doi = {10.1371/journal.pone.0174785},
	url = {https://doi.org/10.1371%2Fjournal.pone.0174785},
	year = 2017,
	month = {apr},
	publisher = {Public Library of Science ({PLoS})},
	volume = {12},
	number = {4},
	pages = {e0174785},
	author = {Maitreyi Sur and Tony Suffredini and Stephen M. Wessells and Peter H. Bloom and Michael Lanzone and Sheldon Blackshire and Srisarguru Sridhar and Todd Katzner},
	editor = {Sergio A Lambertucci},
	title = {Improved supervised classification of accelerometry data to distinguish behaviors of soaring birds},
	journal = {{PLOS} {ONE}}
}
@article{Gessaman_1988,
	doi = {10.2307/1368356},
	url = {https://doi.org/10.2307%2F1368356},
	year = 1988,
	month = {aug},
	publisher = {Oxford University Press ({OUP})},
	volume = {90},
	number = {3},
	pages = {662},
	author = {James A. Gessaman and Kenneth A. Nagy},
	title = {Transmitter Loads Affect the Flight Speed and Metabolism of Homing Pigeons},
	journal = {The Condor}
}
@article{Nevitt_2000,
	doi = {10.2307/1542527},
	url = {https://doi.org/10.2307%2F1542527},
	year = 2000,
	month = {apr},
	publisher = {University of Chicago Press},
	volume = {198},
	number = {2},
	pages = {245--253},
	author = {GA Nevitt},
	title = {Olfactory foraging by Antarctic procellariiform seabirds: life at high Reynolds numbers},
	journal = {The Biological Bulletin}
}
@article{Wilson_1995,
	doi = {10.2307/3677067},
	url = {https://doi.org/10.2307%2F3677067},
	year = 1995,
	month = {jun},
	publisher = {{JSTOR}},
	volume = {26},
	number = {2},
	pages = {172},
	author = {Rory P. Wilson and Henri Weimerskirch and Patrice Lys},
	title = {A Device for Measuring Seabird Activity at Sea},
	journal = {Journal of Avian Biology}
}
@article{Pyke_1977,
	doi = {10.1086/409852},
	url = {https://doi.org/10.1086%2F409852},
	year = 1977,
	month = {jun},
	publisher = {University of Chicago Press},
	volume = {52},
	number = {2},
	pages = {137--154},
	author = {G. H. Pyke and H. R. Pulliam and E. L. Charnov},
	title = {Optimal Foraging: A Selective Review of Theory and Tests},
	journal = {The Quarterly Review of Biology}
}
@article{Burger_2001,
	doi = {10.1093/auk/118.3.755},
	url = {https://doi.org/10.1093%2Fauk%2F118.3.755},
	year = 2001,
	month = {jul},
	publisher = {Oxford University Press ({OUP})},
	volume = {118},
	number = {3},
	pages = {755--759},
	author = {Alan E. Burger},
	title = {Diving Depths of Shearwaters},
	journal = {The Auk}
}
@article{Chaurand_1994,
	doi = {10.2307/5546},
	url = {https://doi.org/10.2307%2F5546},
	year = 1994,
	month = {apr},
	publisher = {{JSTOR}},
	volume = {63},
	number = {2},
	pages = {275},
	author = {Thierry Chaurand and Henri Weimerskirch},
	title = {The Regular Alternation of Short and Long Foraging Trips in the Blue Petrel Halobaena caerulea: A Previously Undescribed Strategy of Food Provisioning in a Pelagic Seabird},
	journal = {The Journal of Animal Ecology}
}
@article{Shirai_2012,
	doi = {10.2326/osj.11.47},
	url = {https://doi.org/10.2326%2Fosj.11.47},
	year = 2012,
	month = {jun},
	publisher = {Ornithological Society of Japan},
	volume = {11},
	number = {1},
	pages = {47--55},
	author = {Masaki Shirai and Maki Yamamoto and Naoyuki Ebine and Takashi Yamamoto and Philip N Trathan and Ken Yoda and Nariko Oka and Yasuaki Niizuma},
	title = {Basal and Field Metabolic Rates of Streaked Shearwater During the Chick-Rearing Period},
	journal = {Ornithological Science}
}
@article{Matsumoto_2012,
	doi = {10.2326/osj.11.9},
	url = {https://doi.org/10.2326%2Fosj.11.9},
	year = 2012,
	month = {jun},
	publisher = {Ornithological Society of Japan},
	volume = {11},
	number = {1},
	pages = {9--19},
	author = {Kei Matsumoto and Nariko Oka and Daisuke Ochi and Fumihito Muto and Takashi P. Satoh and Yutaka Watanuki},
	title = {Foraging behavior and Diet of Streaked Shearwaters \textit{Calonectris leucomelas} Rearing Chicks on Mikura Island},
	journal = {Ornithological Science}
}
@article{Shirai_2013,
	doi = {10.2326/osj.12.57},
	url = {https://doi.org/10.2326%2Fosj.12.57},
	year = 2013,
	month = {jun},
	publisher = {Ornithological Society of Japan},
	volume = {12},
	number = {1},
	pages = {57--62},
	author = {Masaki Shirai and Yasuaki Niizuma and Kenji Tsuchiya and Maki Yamamoto and Nariko Oka},
	title = {Sexual Size Dimorphism in Streaked {ShearwatersCalonectris} leucomelas},
	journal = {Ornithological Science}
}
@article{Ochi_2016,
	doi = {10.2326/osj.15.213},
	url = {https://doi.org/10.2326%2Fosj.15.213},
	year = 2016,
	month = {jul},
	publisher = {Ornithological Society of Japan},
	volume = {15},
	number = {2},
	pages = {213--225},
	author = {Daisuke Ochi and Kei Matsumoto and Nariko Oka and Tomohiro Deguchi and Katsufumi Sato and Takashi P. Satoh and Fumihito Muto and Yutaka Watanuki},
	title = {Dual Foraging Strategy and Chick Growth of Streaked {ShearwaterCalonectris} leucomelasat Two Colonies in Different Oceanographic Environments},
	journal = {Ornithological Science}
}
@article{Matsumoto_2017,
	doi = {10.2326/osj.16.23},
	url = {https://doi.org/10.2326%2Fosj.16.23},
	year = 2017,
	month = {jan},
	publisher = {Ornithological Society of Japan},
	volume = {16},
	number = {1},
	pages = {23--32},
	author = {Sakiko Matsumoto and Takashi Yamamoto and Maki Yamamoto and Carlos B Zavalaga and Ken Yoda},
	title = {Sex-Related Differences in the Foraging Movement of Streaked {ShearwatersCalonectris} {leucomelasBreeding} on Awashima Island in the Sea of Japan},
	journal = {Ornithological Science}
}
@article{Oka_2004,
	doi = {10.3312/jyio.35.164},
	url = {https://doi.org/10.3312%2Fjyio.35.164},
	year = 2004,
	publisher = {Yamashina Institute for Ornithology},
	volume = {35},
	number = {2},
	pages = {164--188},
	author = {Nariko Oka},
	title = {The Distribution of Streaked Shearwater Colonies, with Special Attention to Population Size, Area of Sea Where Located and Surface Water Temperature},
	journal = {Journal of the Yamashina Institute for Ornithology}
}
@article{Cantin_1996,
	doi = {10.3354/meps141103},
	url = {https://doi.org/10.3354%2Fmeps141103},
	year = 1996,
	publisher = {Inter-Research Science Center},
	volume = {141},
	pages = {103--117},
	author = {G Cantin and M Levasseur and M Gosselin and S Michaud},
	title = {Role of zooplankton in the mesoscale distribution of surface dimethylsulfide concentrations in the Gulf of St. Lawrence, Canada},
	journal = {Marine Ecology Progress Series}
}
@article{Piatt_2007,
	doi = {10.3354/meps07070},
	url = {https://doi.org/10.3354%2Fmeps07070},
	year = 2007,
	month = {dec},
	publisher = {Inter-Research Science Center},
	volume = {352},
	pages = {199--204},
	author = {IJF Piatt and WJ Sydeman},
	title = {Seabirds as indicators of marine ecosystems},
	journal = {Marine Ecology Progress Series}
}
@article{Weimerskirch_1997,
	doi = {10.3354/meps151245},
	url = {https://doi.org/10.3354%2Fmeps151245},
	year = 1997,
	publisher = {Inter-Research Science Center},
	volume = {151},
	pages = {245--254},
	author = {H Weimerskirch and RP Wilson and P Lys},
	title = {Activity pattern of foraging in the wandering albatross:a marine predator with two modes of prey searching},
	journal = {Marine Ecology Progress Series}
}
@article{Weimerskirch_1998,
	doi = {10.3354/meps167261},
	url = {https://doi.org/10.3354%2Fmeps167261},
	year = 1998,
	publisher = {Inter-Research Science Center},
	volume = {167},
	pages = {261--274},
	author = {H Weimerskirch and Y Cherel},
	title = {Feeding ecology of short-tailed shearwaters:breeding in Tasmania and foraging in the Antarctic?},
	journal = {Marine Ecology Progress Series}
}
@article{Silverman_2004,
	doi = {10.3354/meps277025},
	url = {https://doi.org/10.3354%2Fmeps277025},
	year = 2004,
	publisher = {Inter-Research Science Center},
	volume = {277},
	pages = {25--36},
	author = {ED Silverman and RR Veit and GA Nevitt},
	title = {Nearest neighbors as foraging cues: information transfer in a patchy environment},
	journal = {Marine Ecology Progress Series}
}
@article{Kurasawa_2012,
	doi = {10.3838/jjo.61.137},
	url = {https://doi.org/10.3838%2Fjjo.61.137},
	year = 2012,
	publisher = {{JStage} (Ornithological Society of Japan)},
	volume = {61},
	number = {1},
	pages = {137--141},
	author = {Kouta Kurasawa and Yutaka Itabashi and Maki Yamamoto and Yutaka Watanuki},
	title = {Prey of Streaked Shearwaters during long foraging trips estimated by fatty acid composition of the stomach oil},
	journal = {Japanese Journal of Ornithology}
}
@article{Weimerskirch_2010a,
	doi = {10.1016/j.pocean.2010.04.003},
	url = {https://doi.org/10.1016%2Fj.pocean.2010.04.003},
	year = 2010,
	month = {jul},
	publisher = {Elsevier {BV}},
	volume = {86},
	number = {1-2},
	pages = {204--213},
	author = {Henri Weimerskirch and Matthieu Le Corre and Emilie Tew Kai and Francis Marsac},
	title = {Foraging movements of great frigatebirds from Aldabra Island: Relationship with environmental variables and interactions with fisheries},
	journal = {Progress in Oceanography}
}
@book{MATLAB:2019,
	year = {2019},
	author = {MATLAB},
	title = {version 9.6.0 (R2019a)},
	publisher = {The MathWorks Inc.},
	address = {Natick, Massachusetts}
	}
@Manual{RCore,
	title = {R: A Language and Environment for Statistical Computing},
	author = {{R Core Team}},
	organization = {R Foundation for Statistical Computing},
	address = {Vienna, Austria},
	year = {2017},
	url = {https://www.R-project.org/},
}
@article{Sakamoto_2009a,
	doi = {10.1371/journal.pone.0005379},
	url = {https://doi.org/10.1371%2Fjournal.pone.0005379},
	year = 2009,
	month = {apr},
	publisher = {Public Library of Science ({PLoS})},
	volume = {4},
	number = {4},
	pages = {e5379},
	author = {Kentaro Q. Sakamoto and Katsufumi Sato and Mayumi Ishizuka and Yutaka Watanuki and Akinori Takahashi and Francis Daunt and Sarah Wanless},
	editor = {Martine Hausberger},
	title = {Can Ethograms Be Automatically Generated Using Body Acceleration Data from Free-Ranging Birds?},
	journal = {{PLoS} {ONE}}
}
@article{Sakamoto_2009b,
	doi = {10.1371/journal.pone.0007322},
	url = {https://doi.org/10.1371%2Fjournal.pone.0007322},
	year = 2009,
	month = {oct},
	publisher = {Public Library of Science ({PLoS})},
	volume = {4},
	number = {10},
	pages = {e7322},
	author = {Kentaro Q. Sakamoto and Akinori Takahashi and Takashi Iwata and Philip N. Trathan},
	editor = {Ryan L. Earley},
	title = {From the Eye of the Albatrosses: A Bird-Borne Camera Shows an Association between Albatrosses and a Killer Whale in the Southern Ocean},
	journal = {{PLoS} {ONE}}
}
@article{Elliott_2013,
	doi = {10.1073/pnas.1304838110},
	url = {https://doi.org/10.1073%2Fpnas.1304838110},
	year = 2013,
	month = {may},
	publisher = {Proceedings of the National Academy of Sciences},
	volume = {110},
	number = {23},
	pages = {9380--9384},
	author = {Kyle H. Elliott and Robert E. Ricklefs and Anthony J. Gaston and Scott A. Hatch and John R. Speakman and Gail K. Davoren},
	title = {High flight costs, but low dive costs, in auks support the biomechanical hypothesis for flightlessness in penguins},
	journal = {Proceedings of the National Academy of Sciences}
}
@Manual{circular,
	title = {{R} package \texttt{circular}: Circular Statistics
		(version 0.4-93)},
	author = {C. Agostinelli and U. Lund},
	address = {CA: Department of Environmental Sciences, Informatics
		and Statistics, Ca' Foscari University, Venice, Italy. UL:
		Department of Statistics, California Polytechnic State
		University, San Luis Obispo, California, USA},
	year = {2017},
	url = {https://r-forge.r-project.org/projects/circular/},
}
@Book{Jammalamadaka_2001,
	author = {Jammalamadaka, S},
	title = {Topics in circular statistics},
	publisher = {World Scientific},
	year = {2001},
	address = {River Edge, N.J},
	isbn = {9810237782}
 }
@book{Batschelet_1981,
	series = {Mathematics in biology},
	publisher = {Academic Press},
	booktitle = {Circular statistics in biology},
	isbn = {0120810566},
	year = {1981},
	title = {Circular statistics in biology / Edward Batschelet.},
	language = {eng},
	address = {London ; New York ; Sydney},
	author = {Batschelet, Edward},
	keywords = {Sampling (Statistics); Mathematical statistics},
}
@inproceedings{Nevitt_1999,
	author          = {G Nevitt and Veit RR},
	title           = {Mechnaisms of prey-patch detection by foraging seabirds},
	booktitle       = {Proceedings of the 22nd International Ornithological Congress},
	editor          = {ed. N. J. Adams and R. H. Slotow},
	year            = {1999},
	pages			  = {2072-2082},
	publisher       = {Johannesburg: BirdLife}
}
@article{Wallraff_2004,
	doi = {10.1016/j.anbehav.2003.06.007},
	url = {https://doi.org/10.1016%2Fj.anbehav.2003.06.007},
	year = 2004,
	month = {feb},
	publisher = {Elsevier {BV}},
	volume = {67},
	number = {2},
	pages = {189--204},
	author = {Hans G Wallraff},
	title = {Avian olfactory navigation: its empirical foundation and conceptual state},
	journal = {Animal Behaviour}
}
@article{Wallraff_2000,
	doi = {10.3402/tellusb.v52i4.17084},
	url = {https://doi.org/10.3402%2Ftellusb.v52i4.17084},
	year = 2000,
	month = {jan},
	publisher = {Informa {UK} Limited},
	volume = {52},
	number = {4},
	pages = {1138--1157},
	author = {Hans G. Wallraff and Meinrat O. Andreae},
	title = {Spatial gradients in ratios of atmospheric trace gases: a study stimulated by experiments on bird navigation},
	journal = {Tellus B: Chemical and Physical Meteorology}
}
@book{Bang_1971,
	doi = {10.1159/isbn.978-3-318-01866-0},
	url = {https://doi.org/10.1159%2Fisbn.978-3-318-01866-0},
	year = 1971,
	month = {may},
	publisher = {S. Karger {AG}},
	author = {B.G. Bang},
	title = {Functional Anatomy of the Olfactory System in 23 Orders of Birds}
}
@article{DeBose_2008,
	doi = {10.1007/s10886-008-9493-4},
	url = {https://doi.org/10.1007%2Fs10886-008-9493-4},
	year = 2008,
	month = {jun},
	publisher = {Springer Science and Business Media {LLC}},
	volume = {34},
	number = {7},
	pages = {867--881},
	author = {Jennifer L. DeBose and Gabrielle A. Nevitt},
	title = {The use of Odors at Different Spatial Scales: Comparing Birds with Fish},
	journal = {Journal of Chemical Ecology}
}
@article{Baduini_2003,
	doi = {},
	url = {},
	year = 2003,
	month = {},
	publisher = {},
	volume = {31},
	number = {2},
	pages = {101--112},
	author = {Jennifer L. DeBose and Gabrielle A. Nevitt},
	title = {Biogeography of procellariiform foraging strategies: Does ocean productivity influence provisioning?
},
	journal = {Marine Ornithology}
}
@article{Landler_2019,
	doi = {10.1186/s12898-019-0246-8},
	url = {https://doi.org/10.1186%2Fs12898-019-0246-8},
	year = 2019,
	month = {aug},
	publisher = {Springer Science and Business Media {LLC}},
	volume = {19},
	number = {1},
	author = {Lukas Landler and Graeme D. Ruxton and E. Pascal Malkemper},
	title = {The Hermans-Rasson test as a powerful alternative to the Rayleigh test for circular statistics in biology},
	journal = {{BMC} Ecology}
}
@article{Nevitt_2004,
	doi = {10.1242/jeb.01198},
	url = {https://doi.org/10.1242%2Fjeb.01198},
	year = 2004,
	month = {sep},
	publisher = {The Company of Biologists},
	volume = {207},
	number = {20},
	pages = {3537--3544},
	author = {Gabrielle Nevitt and Keith Reid and Phil Trathan},
	title = {Testing olfactory foraging strategies in an Antarctic seabird assemblage},
	journal = {Journal of Experimental Biology}
}
@article{Nevitt_1999b,
	doi = {10.3354/meps177235},
	url = {https://doi.org/10.3354%2Fmeps177235},
	year = 1999,
	publisher = {Inter-Research Science Center},
	volume = {177},
	pages = {235--241},
	author = {G Nevitt},
	title = {Olfactory foraging in Antarctic seabirds:a species-specific attraction to krill odors},
	journal = {Marine Ecology Progress Series}
}
@article{Russell_1992,
	doi = {10.1007/bf00133310},
	url = {https://doi.org/10.1007%2Fbf00133310},
	year = 1992,
	month = {sep},
	publisher = {Springer Science and Business Media {LLC}},
	volume = {7},
	number = {3},
	pages = {195--209},
	author = {Robert W. Russell and George L. Hunt and Kenneth O. Coyle and R. Ted Cooney},
	title = {Foraging in a fractal environment: Spatial patterns in a marine predator-prey system},
	journal = {Landscape Ecology}
}
@article{Sachs_2013,
	doi = {10.1242/jeb.085209},
	url = {https://doi.org/10.1242%2Fjeb.085209},
	year = 2013,
	month = {nov},
	publisher = {The Company of Biologists},
	volume = {216},
	number = {22},
	pages = {4222--4232},
	author = {G. Sachs and J. Traugott and A. P. Nesterova and F. Bonadonna},
	title = {Experimental verification of dynamic soaring in albatrosses},
	journal = {Journal of Experimental Biology}
}
@article{Cunningham_2003,
	doi = {10.1242/jeb.00286},
	url = {https://doi.org/10.1242%2Fjeb.00286},
	year = 2003,
	month = {may},
	publisher = {The Company of Biologists},
	volume = {206},
	number = {10},
	pages = {1615--1620},
	author = {Gregory B. Cunningham and Richard W. Van Buskirk and Francesco Bonadonna and Henri Weimerskirch and Gabrielle A. Nevitt},
	title = {A comparison of the olfactory abilities of three species of procellariiform chicks},
	journal = {Journal of Experimental Biology}
}
@article{Sakurai_2007,
	doi = {10.1016/j.dsr2.2007.02.007},
	url = {https://doi.org/10.1016%2Fj.dsr2.2007.02.007},
	year = 2007,
	month = {nov},
	publisher = {Elsevier {BV}},
	volume = {54},
	number = {23-26},
	pages = {2526--2542},
	author = {Yasunori Sakurai},
	title = {An overview of the Oyashio ecosystem},
	journal = {Deep Sea Research Part {II}: Topical Studies in Oceanography}
}
@article{Pollonara_2015,
	doi = {10.1038/srep16486},
	url = {https://doi.org/10.1038%2Fsrep16486},
	year = 2015,
	month = {nov},
	publisher = {Springer Science and Business Media {LLC}},
	volume = {5},
	number = {1},
	author = {Enrica Pollonara and Paolo Luschi and Tim Guilford and Martin Wikelski and Francesco Bonadonna and Anna Gagliardo},
	title = {Olfaction and topography, but not magnetic cues, control navigation in a pelagic seabird: displacements with shearwaters in the Mediterranean Sea},
	journal = {Scientific Reports}
}
@article{Piatt_2006,
	doi = {10.1016/j.dsr2.2006.01.008},
	url = {https://doi.org/10.1016%2Fj.dsr2.2006.01.008},
	year = 2006,
	month = {feb},
	publisher = {Elsevier {BV}},
	volume = {53},
	number = {3-4},
	pages = {387--398},
	author = {John F. Piatt and Jennifer Wetzel and Kevin Bell and Anthony R. DeGange and Gregory R. Balogh and Gary S. Drew and Tracee Geernaert and Carol Ladd and G. Vernon Byrd},
	title = {Predictable hotspots and foraging habitat of the endangered short-tailed albatross (Phoebastria albatrus) in the North Pacific: Implications for conservation},
	journal = {Deep Sea Research Part {II}: Topical Studies in Oceanography}
}
@article{Yen_2004,
	doi = {10.1016/j.jmarsys.2003.09.015},
	url = {https://doi.org/10.1016%2Fj.jmarsys.2003.09.015},
	year = 2004,
	month = {sep},
	publisher = {Elsevier {BV}},
	volume = {50},
	number = {1-2},
	pages = {79--99},
	author = {Peggy P.W. Yen and William J. Sydeman and K.David Hyrenbach},
	title = {Marine bird and cetacean associations with bathymetric habitats and shallow-water topographies: implications for trophic transfer and conservation},
	journal = {Journal of Marine Systems}
}
@article{Bracis_2015,
	doi = {10.1371/journal.pone.0136057},
	url = {https://doi.org/10.1371%2Fjournal.pone.0136057},
	year = 2015,
	month = {aug},
	publisher = {Public Library of Science ({PLoS})},
	volume = {10},
	number = {8},
	pages = {e0136057},
	author = {Chloe Bracis and Eliezer Gurarie and Bram Van Moorter and R. Andrew Goodwin},
	editor = {Danilo Russo},
	title = {Memory Effects on Movement Behavior in Animal Foraging},
	journal = {{PLOS} {ONE}}
}
@article{Regular_2013,
	doi = {10.1016/j.anbehav.2013.06.008},
	url = {https://doi.org/10.1016%2Fj.anbehav.2013.06.008},
	year = 2013,
	month = {sep},
	publisher = {Elsevier {BV}},
	volume = {86},
	number = {3},
	pages = {545--552},
	author = {Paul M. Regular and April Hedd and William A. Montevecchi},
	title = {Must marine predators always follow scaling laws? Memory guides the foraging decisions of a pursuit-diving seabird},
	journal = {Animal Behaviour}
}
@article{Goyert_2015,
	doi = {10.1163/1568539x-00003260},
	url = {https://doi.org/10.1163%2F1568539x-00003260},
	year = 2015,
	publisher = {Brill},
	volume = {152},
	number = {7-8},
	pages = {861--895},
	author = {Holly F. Goyert},
	title = {Foraging specificity and prey utilization: evaluating social and memory-based strategies in seabirds},
	journal = {Behaviour}
}
@article{Martin_1991,
	doi = {10.1159/000114347},
	url = {https://doi.org/10.1159%2F000114347},
	year = 1991,
	publisher = {S. Karger {AG}},
	volume = {37},
	number = {2},
	pages = {65--78},
	author = {Graham R. Martin and M. de L. Brooke},
	title = {The Eye of a Procellariiform Seabird, the Manx Shearwater, Puffinus puffinus: Visual Fields and Optical Structure},
	journal = {Brain, Behavior and Evolution}
}
@article{Alerstam_2019,
	doi = {10.1007/s10336-019-01677-4},
	url = {https://doi.org/10.1007%2Fs10336-019-01677-4},
	year = 2019,
	month = {jun},
	publisher = {Springer Science and Business Media {LLC}},
	volume = {160},
	number = {4},
	pages = {1065--1076},
	author = {Thomas Alerstam and Johan Bäckman and Tom J. Evans},
	title = {Optimal central place foraging flights in relation to wind},
	journal = {Journal of Ornithology}
}
@article{Dell_Ariccia_2013,
	doi = {10.1242/jeb.082826},
	url = {https://doi.org/10.1242%2Fjeb.082826},
	year = 2013,
	month = {jan},
	publisher = {The Company of Biologists},
	author = {Gaia Dell'Ariccia and Francesco Bonadonna},
	title = {Back home at night or out until morning? Nycthemeral variations in homing of anosmic Cory's shearwaters in a diurnal colony},
	journal = {Journal of Experimental Biology}
}
@article{Benvenuti_1993,
	doi = {10.1080/11250009309355811},
	url = {https://doi.org/10.1080%2F11250009309355811},
	year = 1993,
	month = {jan},
	publisher = {Informa {UK} Limited},
	volume = {60},
	number = {2},
	pages = {207--210},
	author = {Silvano Benvenuti and Paolo Ioal{\`{e}} and Bruno Massa},
	title = {Olfactory experiments on Cory's shearwater (Calonectris diomedea):The effect of intranasal zinc sulphate treatment on short-range homing behaviour},
	journal = {Bolletino di zoologia}
}
@article{Bastos_2020,
	doi = {10.1007/s10071-020-01368-1},
	url = {https://doi.org/10.1007%2Fs10071-020-01368-1},
	year = 2020,
	month = {mar},
	publisher = {Springer Science and Business Media {LLC}},
	volume = {23},
	number = {4},
	pages = {629--642},
	author = {Rita Bastos and Beatriz Martins and Jo{\~{a}}o Alexandre Cabral and Filipe R. Ceia and Jaime A. Ramos and V{\'{\i}}tor H. Paiva and Ant{\'{o}}nio Lu{\'{\i}}s and M{\'{a}}rio Santos},
	title = {Oceans of stimuli: an individual-based model to assess the role of olfactory cues and local enhancement in seabirds' foraging behaviour},
	journal = {Animal Cognition}
}
@article{Padget_2019,
	doi = {10.1073/pnas.1903829116},
	url = {https://doi.org/10.1073%2Fpnas.1903829116},
	year = 2019,
	month = {oct},
	publisher = {Proceedings of the National Academy of Sciences},
	volume = {116},
	number = {43},
	pages = {21629--21633},
	author = {Oliver Padget and Geoff Stanley and Jay K. Willis and Annette L. Fayet and Sarah Bond and Louise Maurice and Akiko Shoji and Ben Dean and Holly Kirk and Ignacio Juarez-Martinez and Robin Freeman and Mark Bolton and Tim Guilford},
	title = {Shearwaters know the direction and distance home but fail to encode intervening obstacles after free-ranging foraging trips},
	journal = {Proceedings of the National Academy of Sciences}
}
@article{Gagliardo_2013,
	doi = {10.1242/jeb.085738},
	url = {https://doi.org/10.1242%2Fjeb.085738},
	year = 2013,
	month = {aug},
	publisher = {The Company of Biologists},
	volume = {216},
	number = {15},
	pages = {2798--2805},
	author = {Anna Gagliardo and Joël Bried and Paolo Lambardi and Paolo Luschi and Martin Wikelski and Francesco Bonadonna},
	title = {Oceanic navigation in Cory's shearwaters: evidence for a crucial role of olfactory cues for homing after displacement},
	journal = {Journal of Experimental Biology}
}
@article{Yamamoto_2012,
	doi = {10.1675/063.035.0207},
	url = {https://doi.org/10.1675%2F063.035.0207},
	year = 2012,
	month = {jun},
	publisher = {Waterbird Society},
	volume = {35},
	number = {2},
	pages = {248--259},
	author = {Takashi Yamamoto and Akinori Takahashi and Nariko Oka and Masaki Shirai and Maki Yamamoto and Nobuhiro Katsumata and Katsufumi Sato and Shinichi Watanabe and Philip N. Trathan},
	title = {Inter-Colony Differences in the Incubation Pattern of Streaked Shearwaters in Relation to the Local Marine Environment},
	journal = {Waterbirds}
}
@article{Sakao_2018,
	doi = {10.1007/s10336-018-1587-3},
	url = {https://doi.org/10.1007%2Fs10336-018-1587-3},
	year = 2018,
	month = {jul},
	publisher = {Springer Science and Business Media {LLC}},
	volume = {160},
	number = {1},
	pages = {137--144},
	author = {Miho Sakao and Hirohiko Takeshima and Koji Inoue and Katsufumi Sato},
	title = {Extra-pair paternity in socially monogamous Streaked Shearwaters: forced copulation or female solicitation?},
	journal = {Journal of Ornithology}
}
@article{Yamamoto_2011,
	doi = {10.3354/meps08973},
	url = {https://doi.org/10.3354%2Fmeps08973},
	year = 2011,
	month = {mar},
	publisher = {Inter-Research Science Center},
	volume = {424},
	pages = {191--204},
	author = {T Yamamoto and A Takahashi and N Oka and T Iida and N Katsumata and K Sato and PN Trathan},
	title = {Foraging areas of streaked shearwaters in relation to seasonal changes in the marine environment of the Northwestern Pacific: inter-colony and sex-related differences},
	journal = {Marine Ecology Progress Series}
}
@article{Yamamoto_2010,
	doi = {10.1525/auk.2010.10029},
	url = {https://doi.org/10.1525%2Fauk.2010.10029},
	year = 2010,
	month = {oct},
	publisher = {Oxford University Press ({OUP})},
	volume = {127},
	number = {4},
	pages = {871--881},
	author = {Takashi Yamamoto and Akinori Takahashi and Nobuhiro Katsumata and Katsufumi Sato and Philip N. Trathan},
	title = {At-Sea Distribution and Behavior of Streaked Shearwaters (Calonectris leucomelas) During the Nonbreeding Period},
	journal = {The Auk}
}
@article{Wynn_2020,
	doi = {10.1098/rspb.2020.1970},
	url = {https://doi.org/10.1098%2Frspb.2020.1970},
	year = 2020,
	month = {oct},
	publisher = {The Royal Society},
	volume = {287},
	number = {1937},
	pages = {20201970},
	author = {Joe Wynn and Julien Collet and Aur{\'{e}}lien Prudor and Alexandre Corbeau and Oliver Padget and Tim Guilford and Henri Weimerskirch},
	title = {Young frigatebirds learn how to compensate for wind drift},
	journal = {Proceedings of the Royal Society B: Biological Sciences}
}
@article{Tarroux_2016,
	doi = {10.1016/j.anbehav.2015.12.021},
	url = {https://doi.org/10.1016%2Fj.anbehav.2015.12.021},
	year = 2016,
	month = {mar},
	publisher = {Elsevier {BV}},
	volume = {113},
	pages = {99--112},
	author = {Arnaud Tarroux and Henri Weimerskirch and Sheng-Hung Wang and David H. Bromwich and Yves Cherel and Akiko Kato and Yan Ropert-Coudert and {\O}ystein Varpe and Nigel G. Yoccoz and S{\'{e}}bastien Descamps},
	title = {Flexible flight response to challenging wind conditions in a commuting Antarctic seabird: do you catch the drift?},
	journal = {Animal Behaviour}
}