@article{C_Silva_2020,
	doi = {10.1038/s41598-019-56950-6},
	url = {https://doi.org/10.1038%2Fs41598-019-56950-6},
	year = 2020,
	month = {jan},
	publisher = {Springer Science and Business Media {LLC}},
	volume = {10},
	number = {1},
	author = {M{\'{o}}nica C. Silva and Marcus Chibucos and James B. Munro and Sean Daugherty and M. Manuela Coelho and Joana C. Silva},
	title = {Signature of adaptive evolution in olfactory receptor genes in Cory's Shearwater supports molecular basis for smell in procellariiform seabirds},
	journal = {Scientific Reports}
}
@article{Bentamy_2011,
	doi = {10.1080/01431161.2011.600348},
	url = {https://doi.org/10.1080%2F01431161.2011.600348},
	year = 2011,
	month = {sep},
	publisher = {Informa {UK} Limited},
	volume = {33},
	number = {6},
	pages = {1729--1754},
	author = {Abderrahim Bentamy and Denis Croize Fillon},
	title = {Gridded surface wind fields from Metop/{ASCAT} measurements},
	journal = {International Journal of Remote Sensing}
}
@article{Goto_2017,
	doi = {10.1126/sciadv.1700097},
	url = {https://doi.org/10.1126%2Fsciadv.1700097},
	year = 2017,
	month = {sep},
	publisher = {American Association for the Advancement of Science ({AAAS})},
	volume = {3},
	number = {9},
	author = {Yusuke Goto and Ken Yoda and Katsufumi Sato},
	title = {Asymmetry hidden in birds' tracks reveals wind, heading, and orientation ability over the ocean},
	journal = {Science Advances}
}
@article{Yonehara_2016,
	doi = {10.1073/pnas.1523853113},
	url = {https://doi.org/10.1073%2Fpnas.1523853113},
	year = 2016,
	month = {jul},
	publisher = {Proceedings of the National Academy of Sciences},
	volume = {113},
	number = {32},
	pages = {9039--9044},
	author = {Yoshinari Yonehara and Yusuke Goto and Ken Yoda and Yutaka Watanuki and Lindsay C. Young and Henri Weimerskirch and Charles-Andr{\'{e}} Bost and Katsufumi Sato},
	title = {Flight paths of seabirds soaring over the ocean surface enable measurement of fine-scale wind speed and direction},
	journal = {Proceedings of the National Academy of Sciences}
}
@article{Garrod_2021,
	doi = {10.1371/journal.pone.0254454},
	url = {https://doi.org/10.1371%2Fjournal.pone.0254454},
	year = 2021,
	month = {jul},
	publisher = {Public Library of Science ({PLoS})},
	volume = {16},
	number = {7},
	pages = {e0254454},
	author = {Aran Garrod and Sei Yamamoto and Kentaro Q. Sakamoto and Katsufumi Sato},
	editor = {Vitor Hugo Rodrigues Paiva},
	title = {Video and acceleration records of streaked shearwaters allows detection of two foraging behaviours associated with large marine predators},
	journal = {{PLOS} {ONE}}
}
@article{Nevitt_1999,
	doi = {10.3354/meps177235},
	url = {https://doi.org/10.3354%2Fmeps177235},
	year = 1999,
	publisher = {Inter-Research Science Center},
	volume = {177},
	pages = {235--241},
	author = {G Nevitt},
	title = {Olfactory foraging in Antarctic seabirds:a species-specific attraction to krill odors},
	journal = {Marine Ecology Progress Series}
}
@article{Nevitt_2004,
	doi = {10.1242/jeb.01198},
	url = {https://doi.org/10.1242%2Fjeb.01198},
	year = 2004,
	month = {sep},
	publisher = {The Company of Biologists},
	volume = {207},
	number = {20},
	pages = {3537--3544},
	author = {Gabrielle Nevitt and Keith Reid and Phil Trathan},
	title = {Testing olfactory foraging strategies in an Antarctic seabird assemblage},
	journal = {Journal of Experimental Biology}
}
@article{Dell_Ariccia_2014,
	doi = {10.1242/jeb.097931},
	url = {https://doi.org/10.1242%2Fjeb.097931},
	year = 2014,
	month = {jan},
	publisher = {The Company of Biologists},
	author = {Gaia Dell{\textquotesingle}Ariccia and Aurelie Celerier and Marianne Gabirot and Pauline Palmas and Bruno Massa and Francesco Bonadonna},
	title = {Olfactory foraging in temperate waters: Sensitivity to dimethylsulfide by shearwaters in the Atlantic Ocean and Mediterranean Sea},
	journal = {Journal of Experimental Biology}
}
@article{Gagliardo_2013,
	doi = {10.1242/jeb.085738},
	url = {https://doi.org/10.1242%2Fjeb.085738},
	year = 2013,
	month = {aug},
	publisher = {The Company of Biologists},
	volume = {216},
	number = {15},
	pages = {2798--2805},
	author = {Anna Gagliardo and JoÃ«l Bried and Paolo Lambardi and Paolo Luschi and Martin Wikelski and Francesco Bonadonna},
	title = {Oceanic navigation in Cory{\textquotesingle}s shearwaters: evidence for a crucial role of olfactory cues for homing after displacement},
	journal = {Journal of Experimental Biology}
}
@article{Abolaffio_2018,
	doi = {10.1038/s41598-018-29919-0},
	url = {https://doi.org/10.1038%2Fs41598-018-29919-0},
	year = 2018,
	month = {aug},
	publisher = {Springer Science and Business Media {LLC}},
	volume = {8},
	number = {1},
	author = {Milo Abolaffio and Andy M. Reynolds and Jacopo G. Cecere and Vitor H. Paiva and Stefano Focardi},
	title = {Olfactory-cued navigation in shearwaters: linking movement patterns to mechanisms},
	journal = {Scientific Reports}
}
